@article{rasul2018management,
  title={Management of bureaucrats and public service delivery: Evidence from the nigerian civil service},
  author={Rasul, Imran and Rogger, Daniel},
  journal={The Economic Journal},
  volume={128},
  number={608},
  pages={413--446},
  year={2018},
  publisher={Wiley Online Library}
}

@book{vegas_raising_2007,
  title={Raising student learning in Latin America: The challenge for the 21st century},
  author={Vegas, Emiliana and Petrow, Jenny},
  year={2007},
  publisher={The World Bank}
}

@article{groseclose_1996_buying,
  title={Buying supermajorities},
  author={Groseclose, Tim and Snyder Jr, James M},
  journal={American Political Science Review},
  pages={303--315},
  year={1996},
  publisher={JSTOR}
}

@article{banks_2000_buying,
  title={Buying supermajorities in finite legislatures},
  author={Banks, Jeffrey S},
  journal={American Political Science Review},
  pages={677--681},
  year={2000},
  publisher={JSTOR}
}

@article{bardhan_decentralisation_2006,
	title = {Decentralisation and accountability in infrastructure delivery in developing countries},
	volume = {116},
	number = {508},
	journal = {The Economic Journal},
	author = {Bardhan, Pranab and Mookherjee, Dilip},
	year = {2006},
	pages = {101--127},
	file = {Full Text:/home/gali/Zotero/storage/9M6IVIWG/Bardhan and Mookherjee - 2006 - Decentralisation and accountability in infrastruct.pdf:application/pdf;Snapshot:/home/gali/Zotero/storage/IUCHL95B/5089395.html:text/html}
}

@article{kiewiet_appropriations_1985,
	title = {Appropriations decisions as a bilateral bargaining game between president and {Congress}},
	journal = {Legislative Studies Quarterly},
	author = {Kiewiet, D. Roderick and McCubbins, Mathew D.},
	year = {1985},
	pages = {181--201},
	file = {Fulltext:/home/gali/Zotero/storage/JS8IU9AY/Kiewiet and McCubbins - 1985 - Appropriations decisions as a bilateral bargaining.pdf:application/pdf;Snapshot:/home/gali/Zotero/storage/DA6LH8JH/439723.html:text/html}
}

@article{mccarty_presidential_2000,
	title = {Presidential pork: {Executive} veto power and distributive politics},
	volume = {94},
	shorttitle = {Presidential pork},
	number = {1},
	journal = {American Political Science Review},
	author = {McCarty, Nolan M.},
	year = {2000},
	pages = {117--129},
	file = {Fulltext:/home/gali/Zotero/storage/3YLJMMMZ/McCarty - 2000 - Presidential pork Executive veto power and distri.pdf:application/pdf;Snapshot:/home/gali/Zotero/storage/MPFMKYA6/04C3748AE9F30A0DF4ECB45F434D2523.html:text/html}
}

@article{brollo_tying_2012,
	title = {Tying your enemy's hands in close races: the politics of federal transfers in {Brazil}},
	volume = {106},
	shorttitle = {Tying your enemy's hands in close races},
	number = {4},
	journal = {American Political Science Review},
	author = {Brollo, Fernanda and Nannicini, Tommaso},
	year = {2012},
	pages = {742--761},
	file = {Fulltext:/home/gali/Zotero/storage/BR3EIW7G/Brollo and Nannicini - 2012 - Tying your enemy's hands in close races the polit.pdf:application/pdf;Snapshot:/home/gali/Zotero/storage/K7L2JDDI/3262A98BFF83D8E2CED402039FA33C4E.html:text/html}
}

@book{nunes_gramatica_1997,
	title = {A gramática política do {Brasil}: clientelismo e insulamento burocrático},
	shorttitle = {A gramática política do {Brasil}},
	publisher = {Zahar},
	author = {Nunes, Edson de Oliveira},
	year = {1997}
}

@article{acemoglu_colonial_2001,
	title = {The colonial origins of comparative development: {An} empirical investigation},
	volume = {91},
	shorttitle = {The colonial origins of comparative development},
	number = {5},
	journal = {American economic review},
	author = {Acemoglu, Daron and Johnson, Simon and Robinson, James A.},
	year = {2001},
	pages = {1369--1401},
	file = {Fulltext:/home/gali/Zotero/storage/5Q543QEZ/Acemoglu et al. - 2001 - The colonial origins of comparative development A.pdf:application/pdf;Snapshot:/home/gali/Zotero/storage/FSZQQC5R/articles.html:text/html}
}

@article{volden_bargaining_2007,
	title = {Bargaining in legislatures over particularistic and collective goods},
	volume = {101},
	number = {1},
	journal = {American Political science review},
	author = {Volden, Craig and Wiseman, Alan E.},
	year = {2007},
	pages = {79--92},
	file = {Fulltext:/home/gali/Zotero/storage/4QK4PV5M/Volden and Wiseman - 2007 - Bargaining in legislatures over particularistic an.pdf:application/pdf;Snapshot:/home/gali/Zotero/storage/ECTINHYF/14509C5F88DB4D6F8A236BAD6CD9FC85.html:text/html}
}

@article{rubinstein_perfect_1982,
	title = {Perfect equilibrium in a bargaining model},
	journal = {Econometrica: Journal of the Econometric Society},
	author = {Rubinstein, Ariel},
	year = {1982},
	pages = {97--109},
	file = {Fulltext:/home/gali/Zotero/storage/CQI35HB3/Rubinstein - 1982 - Perfect equilibrium in a bargaining model.pdf:application/pdf;Snapshot:/home/gali/Zotero/storage/G8RFN7ZA/1912531.html:text/html}
}

@book{graham_patronage_1994,
	title = {Patronage and politics in nineteenth-century {Brazil}},
	publisher = {Stanford University Press},
	author = {Graham, Richard},
	year = {1994},
	file = {Snapshot:/home/gali/Zotero/storage/95QM2WJ4/books.html:text/html}
}

@article{figueiredo_presidential_2000,
	title = {Presidential power, legislative organization, and party behavior in {Brazil}},
	journal = {Comparative Politics},
	author = {Figueiredo, Argelina Cheibub and Limongi, Fernando},
	year = {2000},
	pages = {151--170},
	file = {Snapshot:/home/gali/Zotero/storage/BP7TWVDS/422395.html:text/html}
}

@article{figueiredo_partidos_1995,
	title = {Partidos políticos na {Câmara} dos {Deputados}: 1989-1994},
	volume = {38},
	shorttitle = {Partidos políticos na {Câmara} dos {Deputados}},
	number = {3},
	journal = {Dados},
	author = {Figueiredo, Argelina and Limongi, Fernando},
	year = {1995},
	pages = {497--524}
}

@book{figueiredo_executivo_1999,
	title = {Executivo e {Legislativo} na nova ordem constitucional},
	publisher = {Editora FGV},
	author = {Figueiredo, Argelina Cheibub and Limong, Fernando de Magalhaes Papaterra},
	year = {1999},
	file = {Snapshot:/home/gali/Zotero/storage/3MIJMXFI/books.html:text/html}
}

@article{lopez_cargos_2018,
	title = {Cargos de {Confiança} e {Políticas} {Públicas} no {Executivo} {Federal}},
	author = {Lopez, Felix and Praça, Sergio},
	year = {2018},
	file = {Fulltext:/home/gali/Zotero/storage/C5ACGPN2/Lopez and Praça - CARGOS DE CONFIANÇA E POLÍTICAS PÚBLICAS NO EXECUT.pdf:application/pdf;Snapshot:/home/gali/Zotero/storage/HLAJUYWS/Lopez and Praça - CARGOS DE CONFIANÇA E POLÍTICAS PÚBLICAS NO EXECUT.pdf:application/pdf}
}

@book{shugart_presidents_1992,
	title = {Presidents and assemblies: {Constitutional} design and electoral dynamics},
	shorttitle = {Presidents and assemblies},
	publisher = {Cambridge University Press},
	author = {Shugart, Matthew Soberg and Carey, John M.},
	year = {1992},
	file = {Snapshot:/home/gali/Zotero/storage/AIQKUFYK/books.html:text/html}
}

@article{lopez_cargos_nodate,
	title = {{CARGOS} {DE} {CONFIANÇA} {E} {POLÍTICAS} {PÚBLICAS} {NO} {EXECUTIVO} {FEDERAL}},
	author = {Lopez, Felix and Praça, Sergio},
	file = {Fulltext:/home/gali/Zotero/storage/6GHB3U2I/Lopez and Praça - CARGOS DE CONFIANÇA E POLÍTICAS PÚBLICAS NO EXECUT.pdf:application/pdf;Snapshot:/home/gali/Zotero/storage/6V5P4DCE/Lopez and Praça - CARGOS DE CONFIANÇA E POLÍTICAS PÚBLICAS NO EXECUT.pdf:application/pdf}
}

@article{tsebelis_decision_1995,
	title = {Decision making in political systems: {Veto} players in presidentialism, parliamentarism, multicameralism and multipartyism},
	volume = {25},
	shorttitle = {Decision making in political systems},
	number = {3},
	journal = {British journal of political science},
	author = {Tsebelis, George},
	year = {1995},
	pages = {289--325},
	file = {Fulltext:/home/gali/Zotero/storage/QXSAT6LQ/Tsebelis - 1995 - Decision making in political systems Veto players.pdf:application/pdf;Snapshot:/home/gali/Zotero/storage/YZBWH8YV/5E1E9DBFB4106517287328AEE1879A1E.html:text/html}
}

@article{power_optimism_2010,
	title = {Optimism, pessimism, and coalitional presidentialism: {Debating} the institutional design of {Brazilian} democracy},
	volume = {29},
	shorttitle = {Optimism, pessimism, and coalitional presidentialism},
	number = {1},
	journal = {Bulletin of Latin American Research},
	author = {Power, Timothy J.},
	year = {2010},
	pages = {18--33},
	file = {Fulltext:/home/gali/Zotero/storage/NSZBYK7L/Power - 2010 - Optimism, pessimism, and coalitional presidentiali.pdf:application/pdf;Snapshot:/home/gali/Zotero/storage/U2EAIB3H/j.1470-9856.2009.00304.html:text/html}
}

@article{moe_politics_1989,
	title = {The politics of bureaucratic structure},
	volume = {267},
	journal = {Can the government govern},
	author = {Moe, Terry M.},
	year = {1989},
	pages = {285--323},
	file = {Fulltext:/home/gali/Zotero/storage/TAP2TQHI/Moe - 1989 - The politics of bureaucratic structure.pdf:application/pdf;Snapshot:/home/gali/Zotero/storage/H7WGN8VP/Moe - 1989 - The politics of bureaucratic structure.pdf:application/pdf}
}

@article{engerman_factor_1997,
	title = {Factor endowments, institutions, and differential paths of growth among new world economies},
	urldate = {2017-08-26},
	journal = {How Latin America Fell Behind},
	author = {Engerman, Stanley L. and Sokoloff, Kenneth L.},
	year = {1997},
	pages = {260--304},
	file = {Snapshot:/home/gali/Zotero/storage/96ENGQHF/books.html:text/html}
}

@article{grindle_building_1995,
	title = {Building sustainable capacity in the public sector: what can be done?},
	volume = {15},
	shorttitle = {Building sustainable capacity in the public sector},
	number = {5},
	journal = {Public Administration and Development},
	author = {Grindle, Merilee S. and Hilderbrand, Mary E.},
	year = {1995},
	pages = {441--463},
	file = {Fulltext:/home/gali/Zotero/storage/V78H8Z6L/194655153.html:text/html;Snapshot:/home/gali/Zotero/storage/L6C4KJEI/Grindle and Hilderbrand - 1995 - Building sustainable capacity in the public sector:}
}

@article{pessoa_evolucao_2002,
	title = {Evolução do emprego público no {Brasil} nos anos 90},
	author = {Pessoa, Eneuton Dornellas},
	year = {2002},
	file = {Fulltext:/home/gali/Zotero/storage/T4FXHYXJ/Carvalho Filho - 2002 - Evolução do emprego público no Brasil nos anos 90.pdf:application/pdf;Snapshot:/home/gali/Zotero/storage/E8VQSCFF/286065.html:text/html}
}

@book{stokes_brokers_2013,
	title = {Brokers, voters, and clientelism: {The} puzzle of distributive politics},
	shorttitle = {Brokers, voters, and clientelism},
	urldate = {2017-08-17},
	publisher = {Cambridge University Press},
	author = {Stokes, Susan C. and Dunning, Thad and Nazareno, Marcelo and Brusco, Valeria},
	year = {2013},
	file = {[PDF] umich.edu:/home/gali/Zotero/storage/BPPUYX4J/Stokes et al. - 2013 - Brokers, voters, and clientelism The puzzle of di.pdf:application/pdf;Fulltext:/home/gali/Zotero/storage/7R3QH8WF/Stokes - 2013 - Brokers, voters, and clientelism The puzzle of di.pdf:application/pdf;Snapshot:/home/gali/Zotero/storage/6PK3Y4YB/books.html:text/html;Snapshot:/home/gali/Zotero/storage/PH7TZ9UB/books.html:text/html}
}

@article{nunes_gramatica_1997-1,
	title = {A gramática política do {Brasil}},
	journal = {Rio de Janeiro: Jorge Zahar},
	author = {Nunes, Edson},
	year = {1997}
}

@article{weitz-shapiro_what_2012,
	title = {What wins votes: {Why} some politicians opt out of clientelism},
	volume = {56},
	shorttitle = {What wins votes},
	number = {3},
	journal = {American Journal of Political Science},
	author = {Weitz-Shapiro, Rebecca},
	year = {2012},
	pages = {568--583},
	file = {Snapshot:/home/gali/Zotero/storage/JYL6485M/Weitz-Shapiro - 2012 - What wins votes Why some politicians opt out of c:;Snapshot:/home/gali/Zotero/storage/ZX87Z5Y6/Weitz-Shapiro - 2012 - What wins votes Why some politicians opt out of c:;Snapshot:/home/gali/Zotero/storage/DC4FXY6F/Weitz-Shapiro - 2012 - What wins votes Why some politicians opt out of c:}
}

@article{habyarimana_why_2007,
	title = {Why does ethnic diversity undermine public goods provision?},
	volume = {101},
	number = {4},
	journal = {American Political Science Review},
	author = {Habyarimana, James and Humphreys, Macartan and Posner, Daniel N. and Weinstein, Jeremy M.},
	year = {2007},
	pages = {709--725},
	file = {Fulltext:/home/gali/Zotero/storage/DHJ8QZHR/Habyarimana et al. - 2007 - Why does ethnic diversity undermine public goods p.pdf:application/pdf;Snapshot:/home/gali/Zotero/storage/VLTLIMVE/36C285D07DC0DE604BFC123F53060DF6.html:text/html}
}

@article{soifer_unpacking_2008,
	title = {Unpacking the strength of the state: {The} utility of state infrastructural power},
	volume = {43},
	shorttitle = {Unpacking the strength of the state},
	number = {3-4},
	urldate = {2017-08-21},
	journal = {Studies in Comparative International Development},
	author = {Soifer, Hillel and Vom Hau, Matthias},
	year = {2008},
	pages = {219},
	file = {Fulltext:/home/gali/Zotero/storage/33QJDQUG/Soifer and Vom Hau - 2008 - Unpacking the strength of the state The utility o.pdf:application/pdf;Snapshot:/home/gali/Zotero/storage/IY8FZHTJ/s12116-008-9030-z.html:text/html;Snapshot:/home/gali/Zotero/storage/T5RJE9B6/Soifer and Vom Hau - 2008 - Unpacking the strength of the state The utility o.pdf:application/pdf}
}

@article{nichter_vote_2008,
	title = {Vote buying or turnout buying? {Machine} politics and the secret ballot},
	volume = {102},
	shorttitle = {Vote buying or turnout buying?},
	number = {1},
	urldate = {2017-08-17},
	journal = {American political science review},
	author = {Nichter, Simeon},
	year = {2008},
	pages = {19--31},
	file = {[PDF] harvard.edu:/home/gali/Zotero/storage/VVN8IYU2/Nichter - 2008 - Vote buying or turnout buying Machine politics an.pdf:application/pdf;Snapshot:/home/gali/Zotero/storage/Z6TDIWVN/550A40E8B9C692AC2FB7EBB4676B7EAB.html:text/html}
}

@article{magaloni_voting_2006,
	title = {Voting for autocracy: {Hegemonic} party survival and its demise in {Mexico}},
	shorttitle = {Voting for autocracy},
	urldate = {2017-08-26},
	author = {Magaloni, Beatriz},
	year = {2006},
	file = {[PDF] ucla.edu:/home/gali/Zotero/storage/9KSFZXQP/Magaloni - Voting for autocracy Hegemonic party survival and.pdf:application/pdf}
}

@article{fukuyama_what_2013,
	title = {What is governance?},
	volume = {26},
	number = {3},
	urldate = {2017-08-21},
	journal = {Governance},
	author = {Fukuyama, Francis},
	year = {2013},
	pages = {347--368},
	file = {[PDF] blackmesh.com:/home/gali/Zotero/storage/TISNYEDB/Fukuyama - 2013 - What is governance.pdf:application/pdf;Snapshot:/home/gali/Zotero/storage/H7KSJM2G/full.html:text/html}
}

@article{giraudy_varieties_2013,
	title = {Varieties of subnational undemocratic regimes: {Evidence} from {Argentina} and {Mexico}},
	volume = {48},
	shorttitle = {Varieties of subnational undemocratic regimes},
	number = {1},
	urldate = {2017-08-21},
	journal = {Studies in Comparative International Development},
	author = {Giraudy, Agustina},
	year = {2013},
	pages = {51--80},
	file = {Snapshot:/home/gali/Zotero/storage/MG2XR3HZ/s12116-012-9117-4.html:text/html}
}

@article{centeno_unpacking_2017,
	title = {Unpacking {States} in the {Developing} {World}: {Capacity}, {Performance}, and {Politics}},
	shorttitle = {Unpacking {States} in the {Developing} {World}},
	urldate = {2017-08-16},
	journal = {States in the Developing World},
	author = {Centeno, Miguel Angel and Kohli, Atul and Yashar, Deborah J.},
	year = {2017},
	pages = {1},
	file = {Snapshot:/home/gali/Zotero/storage/2LM5JG87/books.html:text/html}
}

@book{odonnell_transitions_2013,
	title = {Transitions from authoritarian rule: {Tentative} conclusions about uncertain democracies},
	shorttitle = {Transitions from authoritarian rule},
	url = {https://books.google.com.br/books?hl=en&lr=&id=H5lCtdhe8scC&oi=fnd&pg=PP2&ots=vb5ZIymdqH&sig=tVtL4afKHl41mx-NzheLVnn3eM0},
	urldate = {2017-08-30},
	publisher = {JHU Press},
	author = {O’donnell, Guillermo and Schmitter, Philippe C.},
	year = {2013},
	file = {Snapshot:/home/gali/Zotero/storage/RSSRILYZ/books.html:text/html}
}

@book{hagopian_traditional_2007,
	title = {Traditional politics and regime change in {Brazil}},
	urldate = {2017-08-17},
	publisher = {Cambridge University Press},
	author = {Hagopian, Frances},
	year = {2007},
	file = {Snapshot:/home/gali/Zotero/storage/MM7ZU4UC/books.html:text/html;Snapshot:/home/gali/Zotero/storage/8RSMD9E4/books.html:text/html}
}

@article{tendler_trust_1994,
	title = {Trust in a rent-seeking world: health and government transformed in {Northeast} {Brazil}},
	volume = {22},
	shorttitle = {Trust in a rent-seeking world},
	number = {12},
	journal = {World Development},
	author = {Tendler, Judith and Freedheim, Sara},
	year = {1994},
	pages = {1771--1791},
	file = {Snapshot:/home/gali/Zotero/storage/MMMCK4SQ/0305750X94901732.html:text/html}
}

@book{odonnell_transitions_1988,
	title = {Transitions from authoritarian rule: {Tentative} conclusions about uncertain democracies},
	isbn = {1-4214-1013-3},
	publisher = {JHU Press},
	author = {O’Donnell, Guillermo and Schmitter, Philippe C.},
	year = {1988}
}

@article{fine_developmental_1999,
	title = {The developmental state is dead—long live social capital?},
	volume = {30},
	number = {1},
	urldate = {2017-08-17},
	journal = {Development and change},
	author = {Fine, Ben},
	year = {1999},
	pages = {1--19},
	file = {Snapshot:/home/gali/Zotero/storage/4KRFQLKD/full.html:text/html}
}

@techreport{brollo_victor_2017,
	title = {To the {Victor} {Belongs} the {Spoils}? {Party} {Membership} and {Public} {Sector} {Employment} in {Brazil}},
	shorttitle = {To the {Victor} {Belongs} the {Spoils}?},
	institution = {University of Warwick, Department of Economics},
	author = {Brollo, Fernanda and Forquesato, Pedro and Gozzi, Juan Carlos},
	year = {2017},
	file = {Snapshot:/home/gali/Zotero/storage/2XBQJ7N7/1144.html:text/html;Snapshot:/home/gali/Zotero/storage/7HN5JS8U/1144.html:text/html}
}

@book{odonnell_transitions_1986,
	title = {Transitions from authoritarian rule: {Tentative} conclusions about uncertain democracies},
	shorttitle = {Transitions from authoritarian rule},
	url = {https://books.google.com.br/books?hl=en&lr=&id=H5lCtdhe8scC&oi=fnd&pg=PP2&ots=vb5YPqgdqO&sig=8V6jQltrTSkyvrvYmPbRRHzSRkw},
	urldate = {2017-08-26},
	publisher = {JHU Press},
	author = {O’Donnell, Guillermo and Schmitter, Philippe C.},
	year = {1986},
	file = {Snapshot:/home/gali/Zotero/storage/GQJXFZ2S/books.html:text/html}
}

@article{hanushek_role_2008,
	title = {The role of cognitive skills in economic development},
	volume = {46},
	number = {3},
	journal = {Journal of economic literature},
	author = {Hanushek, Eric A. and Woessmann, Ludger},
	year = {2008},
	pages = {607--68},
	file = {Snapshot:/home/gali/Zotero/storage/DPR8AYI6/articles.html:text/html;Snapshot:/home/gali/Zotero/storage/VMW9UBXA/articles.html:text/html}
}

@book{huntington_third_1993,
	title = {The third wave: {Democratization} in the late twentieth century},
	volume = {4},
	shorttitle = {The third wave},
	urldate = {2017-08-28},
	publisher = {University of Oklahoma press},
	author = {Huntington, Samuel P.},
	year = {1993},
	file = {Snapshot:/home/gali/Zotero/storage/687UIM4X/books.html:text/html}
}

@article{lizzeri_provision_2001,
	title = {The provision of public goods under alternative electoral incentives},
	journal = {American Economic Review},
	author = {Lizzeri, Alessandro and Persico, Nicola},
	year = {2001},
	pages = {225--239},
	file = {Snapshot:/home/gali/Zotero/storage/YHEWWDIA/2677906.html:text/html}
}

@article{hirschman_rise_1981,
	title = {The {Rise} and {Decline} of {Development} {Economics}, in {Essays} in {Trespassing}},
	author = {Hirschman, Albert},
	year = {1981}
}

@book{diaz-cayeros_political_2016,
	title = {The political logic of poverty relief: {Electoral} strategies and social policy in {Mexico}},
	shorttitle = {The political logic of poverty relief},
	urldate = {2017-08-15},
	publisher = {Cambridge University Press},
	author = {Diaz-Cayeros, Alberto and Estévez, Federico and Magaloni, Beatriz},
	year = {2016},
	file = {Snapshot:/home/gali/Zotero/storage/JRDKECDS/books.html:text/html}
}

@article{dahlstrom_merit_2012,
	title = {The merit of meritocratization: {Politics}, bureaucracy, and the institutional deterrents of corruption},
	volume = {65},
	shorttitle = {The merit of meritocratization},
	number = {3},
	journal = {Political Research Quarterly},
	author = {Dahlström, Carl and Lapuente, Victor and Teorell, Jan},
	year = {2012},
	pages = {656--668},
	file = {Fulltext:/home/gali/Zotero/storage/FR4BLGDH/1065912911408109.html:text/html;Snapshot:/home/gali/Zotero/storage/UZGGHNP6/1065912911408109.html:text/html}
}

@article{polga-hecimovich_organizational_2016,
	title = {The {Organizational} {Consequences} of {Politics}: {A} {Research} {Agenda} for the {Study} of {Bureaucratic} {Politics} in {Latin} {America}},
	volume = {58},
	shorttitle = {The {Organizational} {Consequences} of {Politics}},
	number = {4},
	journal = {Latin American Politics and Society},
	author = {Polga-Hecimovich, John and Trelles, Alejandro},
	year = {2016},
	pages = {56--79},
	file = {Snapshot:/home/gali/Zotero/storage/397TWMKS/Polga-Hecimovich and Trelles - 2016 - The Organizational Consequences of Politics A Res:;Snapshot:/home/gali/Zotero/storage/HL7VHIFZ/Polga-Hecimovich and Trelles - 2016 - The Organizational Consequences of Politics A Res:;Snapshot:/home/gali/Zotero/storage/UPND8V9D/Polga-Hecimovich and Trelles - 2016 - The Organizational Consequences of Politics A Res:}
}

@book{banfield_moral_1958,
	title = {The moral basis of a backward society.},
	author = {Banfield, Edward C.},
	year = {1958}
}

@article{fox_difficult_1994,
	title = {The difficult transition from clientelism to citizenship: {Lessons} from {Mexico}},
	volume = {46},
	shorttitle = {The difficult transition from clientelism to citizenship},
	number = {2},
	urldate = {2017-08-17},
	journal = {World politics},
	author = {Fox, Jonathan},
	year = {1994},
	pages = {151--184},
	file = {Snapshot:/home/gali/Zotero/storage/QBE8ECHS/7111EFB7501CA175F66672C62DE5DFDC.html:text/html}
}

@article{verba_civic_1963,
	title = {The {Civic} {Culture}: {Political} {Attitudes} and {Democracy} in {Five} {Nations}},
	shorttitle = {The {Civic} {Culture}},
	urldate = {2017-08-26},
	author = {Verba, Sidney and Almond, Gabriel A.},
	year = {1963},
	file = {Snapshot:/home/gali/Zotero/storage/HAA4DICR/civic-culture-political-attitudes-and-democracy-five-nations.html:text/html}
}

@article{prudhomme_dangers_1995,
	title = {The dangers of decentralization},
	volume = {10},
	url = {https://academic.oup.com/wbro/article-abstract/10/2/201/1668216},
	number = {2},
	urldate = {2017-08-16},
	author = {Prud'Homme, Remy},
	year = {1995},
	pages = {201--220}
}

@article{dixit_determinants_1996,
	title = {The determinants of success of special interests in redistributive politics},
	volume = {58},
	number = {4},
	urldate = {2017-08-17},
	journal = {the Journal of Politics},
	author = {Dixit, Avinash and Londregan, John},
	year = {1996},
	pages = {1132--1155},
	file = {[PDF] cide.edu:/home/gali/Zotero/storage/UH4X4NL2/Dixit and Londregan - 1996 - The determinants of success of special interests i.pdf:application/pdf;Snapshot:/home/gali/Zotero/storage/DENGX3Q2/2960152.html:text/html}
}

@article{lipsky_street-level_1983,
	title = {Street-{Level} {Bureaucracy}: {The} {Dilemmas} of the {Individual} in {Public} {Service}},
	shorttitle = {Street-{Level} {Bureaucracy}},
	author = {Lipsky, Michael},
	year = {1983}
}

@article{mann_autonomous_1984,
	title = {The autonomous power of the state: its origins, mechanisms and results},
	volume = {25},
	shorttitle = {The autonomous power of the state},
	number = {2},
	urldate = {2017-08-21},
	journal = {European Journal of Sociology/Archives européennes de sociologie},
	author = {Mann, Michael},
	year = {1984},
	pages = {185--213},
	file = {Snapshot:/home/gali/Zotero/storage/ISUKJFJT/338F971178F06BCD3ABC9C573E67B2D8.html:text/html}
}

@article{soifer_state_2008,
	title = {State infrastructural power: {Approaches} to conceptualization and measurement},
	volume = {43},
	shorttitle = {State infrastructural power},
	number = {3-4},
	urldate = {2017-08-21},
	journal = {Studies in Comparative International Development},
	author = {Soifer, Hillel},
	year = {2008},
	pages = {231},
	file = {Fulltext:/home/gali/Zotero/storage/ZHAZR92B/875680897.html:text/html;Snapshot:/home/gali/Zotero/storage/EXH8BIXX/s12116-008-9028-6.html:text/html;Snapshot:/home/gali/Zotero/storage/3IKYHDUU/s12116-008-9028-6.html:text/html}
}

@book{migdal_strong_1988,
	title = {Strong societies and weak states: state-society relations and state capabilities in the {Third} {World}},
	shorttitle = {Strong societies and weak states},
	urldate = {2017-08-15},
	publisher = {Princeton University Press},
	author = {Migdal, Joel S.},
	year = {1988}
}

@book{almond_civic_2015,
	title = {The civic culture: {Political} attitudes and democracy in five nations},
	shorttitle = {The civic culture},
	urldate = {2017-08-26},
	publisher = {Princeton university press},
	author = {Almond, Gabriel Abraham and Verba, Sidney},
	year = {2015},
	file = {Snapshot:/home/gali/Zotero/storage/T2NTXLLS/books.html:text/html}
}

@article{enriquez_state_2012,
	title = {State capacity: {Utilization}, durability, and the role of wealth vs. history},
	volume = {1},
	shorttitle = {State capacity},
	number = {2},
	urldate = {2017-08-25},
	journal = {International and multidisciplinary journal of social sciences},
	author = {Enriquez, Elaine and Centeno, Miguel Angel},
	year = {2012},
	pages = {130--162},
	file = {[PDF] hipatiapress.com:/home/gali/Zotero/storage/4EESP2T5/Enriquez and Centeno - 2012 - State capacity Utilization, durability, and the r.pdf:application/pdf;Snapshot:/home/gali/Zotero/storage/CF8B89JX/374.html:text/html}
}

@book{kohli_state-directed_2004,
	title = {State-directed development: political power and industrialization in the global periphery},
	shorttitle = {State-directed development},
	urldate = {2017-08-12},
	publisher = {Cambridge University Press},
	author = {Kohli, Atul},
	year = {2004},
	file = {Snapshot:/home/gali/Zotero/storage/UMV5KDUB/books.html:text/html}
}

@book{skocpol_states_1979,
	title = {States and social revolutions: {A} comparative analysis of {France}, {Russia} and {China}},
	shorttitle = {States and social revolutions},
	urldate = {2017-08-16},
	publisher = {Cambridge University Press},
	author = {Skocpol, Theda},
	year = {1979}
}

@book{centeno_state_2013,
	title = {State and nation making in {Latin} {America} and {Spain}: republics of the possible},
	shorttitle = {State and nation making in {Latin} {America} and {Spain}},
	publisher = {Cambridge University Press},
	author = {Centeno, Miguel A. and Ferraro, Agustin E.},
	year = {2013},
	file = {Snapshot:/home/gali/Zotero/storage/Q8EURMK3/books.html:text/html;Snapshot:/home/gali/Zotero/storage/X6E2L5IN/books.html:text/html}
}

@book{soifer_state_2015,
	title = {State {Building} in {Latin} {America}},
	publisher = {Cambridge university press},
	author = {Soifer, Hillel David},
	year = {2015},
	file = {Snapshot:/home/gali/Zotero/storage/ZBWV5KPD/books.html:text/html}
}

@article{bersch_state_2017,
	title = {State capacity, bureaucratic politicization, and corruption in the {Brazilian} state},
	volume = {30},
	number = {1},
	urldate = {2017-08-17},
	journal = {Governance},
	author = {Bersch, Katherine and Praça, Sérgio and Taylor, Matthew M.},
	year = {2017},
	pages = {105--124},
	file = {Snapshot:/home/gali/Zotero/storage/TG97L66T/full.html:text/html}
}

@book{holland_forbearance_2017,
	title = {Forbearance as {Redistribution}: {The} {Politics} of {Informal} {Welfare} in {Latin} {America}},
	shorttitle = {Forbearance as {Redistribution}},
	publisher = {Cambridge University Press},
	author = {Holland, Alisha C.},
	year = {2017},
	file = {Snapshot:/home/gali/Zotero/storage/KPQWBYHL/books.html:text/html}
}

@book{adelman_sovereignty_2006,
	title = {Sovereignty and revolution in the {Iberian} {Atlantic}},
	publisher = {Princeton University Press},
	author = {Adelman, Jeremy},
	year = {2006},
	file = {Snapshot:/home/gali/Zotero/storage/2MA9T79T/books.html:text/html}
}

@article{collier_shaping_2002,
	title = {Shaping the political arena: {Critical} junctures, the labor movement, and regime dynamics in {Latin} {America}},
	shorttitle = {Shaping the political arena},
	author = {Collier, Ruth and Collier, David},
	year = {2002},
	file = {Fulltext:/home/gali/Zotero/storage/HMCPKYB9/Collier and Collier - 2002 - Shaping the political arena Critical junctures, t.pdf:application/pdf;Snapshot:/home/gali/Zotero/storage/XR2JXB9U/papers.html:text/html}
}

@article{snyder_scaling_2001,
	title = {Scaling down: {The} subnational comparative method},
	volume = {36},
	shorttitle = {Scaling down},
	number = {1},
	urldate = {2017-10-06},
	journal = {Studies in Comparative International Development (SCID)},
	author = {Snyder, Richard},
	year = {2001},
	pages = {93--110}
}

@article{alesina_redistributive_2000,
	title = {Redistributive public employment},
	volume = {48},
	number = {2},
	journal = {Journal of Urban Economics},
	author = {Alesina, Alberto and Baqir, Reza and Easterly, William},
	year = {2000},
	pages = {219--241},
	file = {Fulltext:/home/gali/Zotero/storage/3AF2ARGZ/Alesina et al. - 2000 - Redistributive public employment.pdf:application/pdf;Fulltext:/home/gali/Zotero/storage/HNTJ8TVT/Alesina et al. - 2000 - Redistributive public employment.pdf:application/pdf;Snapshot:/home/gali/Zotero/storage/8V5ADUL7/S0094119099921642.html:text/html;Snapshot:/home/gali/Zotero/storage/LFRC3BMP/S0094119099921642.html:text/html}
}

@article{breiman_random_2001,
	title = {Random forests},
	volume = {45},
	url = {http://www.springerlink.com/index/U0P06167N6173512.pdf},
	number = {1},
	urldate = {2017-08-23},
	journal = {Machine learning},
	author = {Breiman, Leo},
	year = {2001},
	pages = {5--32},
	file = {[PDF] univ-toulouse.fr:/home/gali/Zotero/storage/3AFCLCKU/Breiman - 2001 - Random forests.pdf:application/pdf;Snapshot:/home/gali/Zotero/storage/RKWG4FGR/10.html:text/html}
}

@article{alesina_public_1999,
	title = {Public goods and ethnic divisions},
	volume = {114},
	number = {4},
	journal = {The Quarterly Journal of Economics},
	author = {Alesina, Alberto and Baqir, Reza and Easterly, William},
	year = {1999},
	pages = {1243--1284},
	file = {Fulltext:/home/gali/Zotero/storage/RDK3UIWX/Alesina et al. - 1999 - Public goods and ethnic divisions.pdf:application/pdf;Fulltext:/home/gali/Zotero/storage/C29YBPNL/Alesina et al. - 1999 - Public goods and ethnic divisions.pdf:application/pdf;Snapshot:/home/gali/Zotero/storage/73TAQVB5/Public-Goods-and-Ethnic-Divisions.html:text/html;Snapshot:/home/gali/Zotero/storage/X8H6LD62/Public-Goods-and-Ethnic-Divisions.html:text/html}
}

@article{may_politicians_2007,
	title = {Politicians, managers, and street-level bureaucrats: {Influences} on policy implementation},
	volume = {19},
	shorttitle = {Politicians, managers, and street-level bureaucrats},
	number = {3},
	journal = {Journal of Public Administration Research and Theory},
	author = {May, Peter J. and Winter, Søren C.},
	year = {2007},
	pages = {453--476},
	file = {Fulltext:/home/gali/Zotero/storage/EEPLWKU8/936961.html:text/html;Fulltext:/home/gali/Zotero/storage/HBZA4ZXN/936961.html:text/html;Snapshot:/home/gali/Zotero/storage/ZD4NUEER/Politicians-Managers-and-Street-Level-Bureaucrats.html:text/html;Snapshot:/home/gali/Zotero/storage/6W56A2FL/Politicians-Managers-and-Street-Level-Bureaucrats.html:text/html}
}

@article{bendor_politicians_1987,
	title = {Politicians, bureaucrats, and asymmetric information},
	journal = {American Journal of Political Science},
	author = {Bendor, Jonathan and Taylor, Serge and Van Gaalen, Roland},
	year = {1987},
	pages = {796--828},
	file = {Snapshot:/home/gali/Zotero/storage/3ZZJ5KXF/2111225.html:text/html}
}

@book{geddes_politicians_1994,
	title = {Politician's dilemma: building state capacity in {Latin} {America}},
	shorttitle = {Politician's dilemma},
	number = {25},
	urldate = {2017-08-17},
	publisher = {Univ of California Press},
	author = {Geddes, Barbara},
	year = {1994},
	file = {Snapshot:/home/gali/Zotero/storage/55VN2L3E/books.html:text/html}
}

@article{dehejia_propensity_2002,
	title = {Propensity score-matching methods for nonexperimental causal studies},
	volume = {84},
	url = {http://www.mitpressjournals.org/doi/abs/10.1162/003465302317331982},
	number = {1},
	urldate = {2017-08-25},
	journal = {The review of economics and statistics},
	author = {Dehejia, Rajeev H. and Wahba, Sadek},
	year = {2002},
	pages = {151--161},
	file = {[PDF] baylor.edu:/home/gali/Zotero/storage/VWGR5UQU/Dehejia and Wahba - 2002 - Propensity score-matching methods for nonexperimen.pdf:application/pdf;Snapshot:/home/gali/Zotero/storage/ZD7EITGQ/003465302317331982.html:text/html}
}

@book{eaton_politics_2004,
	title = {Politics beyond the capital: {The} design of subnational institutions in {South} {America}},
	shorttitle = {Politics beyond the capital},
	publisher = {Stanford University Press},
	author = {Eaton, Kent},
	year = {2004},
	file = {Snapshot:/home/gali/Zotero/storage/MX7FRZQL/books.html:text/html}
}

@article{cruz_political_2015,
	title = {Political parties, clientelism, and bureaucratic reform},
	volume = {48},
	number = {14},
	journal = {Comparative Political Studies},
	author = {Cruz, Cesi and Keefer, Philip},
	year = {2015},
	pages = {1942--1973},
	file = {Fulltext:/home/gali/Zotero/storage/NP39ZHC9/0010414015594627.html:text/html;Snapshot:/home/gali/Zotero/storage/SQLB46UY/0010414015594627.html:text/html}
}

@article{akhtari_political_2015,
	title = {Political {Turnover}, {Bureaucratic} {Turnover}, and the {Quality} of {Public} {Services}},
	author = {Akhtari, Mitra and Moreira, Diana and Trucco, Laura Carolina},
	year = {2015},
	file = {Fulltext:/home/gali/Zotero/storage/JU3IUA3S/Akhtari et al. - 2015 - Political Turnover, Bureaucratic Turnover, and the.pdf:application/pdf}
}

@book{huntington_political_2006,
	title = {Political order in changing societies},
	publisher = {Yale University Press},
	author = {Huntington, Samuel P.},
	year = {2006},
	file = {Fulltext:/home/gali/Zotero/storage/R37FULQ4/Huntington - 2006 - Political order in changing societies.pdf:application/pdf;Snapshot:/home/gali/Zotero/storage/99NZLRM4/books.html:text/html}
}

@book{cochrane_policies_1983,
	title = {Policies for strengthening local government in developing countries},
	urldate = {2017-08-16},
	publisher = {World Bank},
	author = {Cochrane, Glynn},
	year = {1983},
	file = {Snapshot:/home/gali/Zotero/storage/65KGKZ6U/search.html:text/html}
}

@article{stokes_perverse_2005,
	title = {Perverse accountability: {A} formal model of machine politics with evidence from {Argentina}},
	volume = {99},
	shorttitle = {Perverse accountability},
	number = {3},
	urldate = {2017-08-17},
	journal = {American Political Science Review},
	author = {Stokes, Susan C.},
	year = {2005},
	pages = {315--325},
	file = {Snapshot:/home/gali/Zotero/storage/YP3DQ9Y6/A2A7141AA5EC213E6C5FAFD86FBCC859.html:text/html}
}

@book{odonnell_modernization_1973,
	title = {Modernization and bureaucratic-authoritarianism: {Studies} in {South} {American} politics},
	shorttitle = {Modernization and bureaucratic-authoritarianism},
	number = {9},
	publisher = {Univ of California Intl \&},
	author = {O'Donnell, Guillermo A.},
	year = {1973}
}

@article{odonnell_state_1993,
	title = {On the state, democratization and some conceptual problems: {A} {Latin} {American} view with glances at some postcommunist countries},
	volume = {21},
	shorttitle = {On the state, democratization and some conceptual problems},
	number = {8},
	urldate = {2017-08-17},
	journal = {World Development},
	author = {O'Donnell, Guillermo},
	year = {1993},
	pages = {1355--1369},
	file = {[PDF] utexas.edu:/home/gali/Zotero/storage/LFY3UF9L/O'Donnell - 1993 - On the state, democratization and some conceptual .pdf:application/pdf;Snapshot:/home/gali/Zotero/storage/J67NNX5Z/0305750X9390048E.html:text/html}
}

@article{colonnelli_patronage_2017,
	title = {Patronage in the {Allocation} of {Public} {Sector} {Jobs}},
	author = {Colonnelli, Emanuele and Prem, Mounu and Teso, Edoardo},
	year = {2017},
	file = {Fulltext:/home/gali/Zotero/storage/JZEIVYN7/Colonnelli et al. - 2017 - Patronage in the Allocation of Public Sector Jobs.pdf:application/pdf;Snapshot:/home/gali/Zotero/storage/KWQ9QDUJ/papers.html:text/html;Snapshot:/home/gali/Zotero/storage/J5DRQL9A/papers.html:text/html}
}

@article{reis_modernizacao_2014,
	title = {Modernização, ditadura e democracia: 1964–2010. 1ª edição},
	shorttitle = {Modernização, ditadura e democracia},
	journal = {Rio de Janeiro: Objetiva},
	author = {Reis, Daniel Aarão},
	year = {2014}
}

@book{johnson_miti_1982,
	title = {{MITI} and the {Japanese} miracle: the growth of industrial policy: 1925-1975},
	shorttitle = {{MITI} and the {Japanese} miracle},
	urldate = {2017-08-16},
	publisher = {Stanford University Press},
	author = {Johnson, Chalmers},
	year = {1982},
	file = {[PDF] ubc.ca:/home/gali/Zotero/storage/SQ9U5W5Y/Johnson - 1982 - MITI and the Japanese miracle the growth of indus.pdf:application/pdf;Snapshot:/home/gali/Zotero/storage/LHBBHKNV/books.html:text/html}
}

@article{barbosa_meritocracia_1996,
	title = {Meritocracia à brasileira: o que é desempenho no {Brasil}?},
	volume = {47},
	shorttitle = {Meritocracia à brasileira},
	number = {3},
	journal = {Revista do Serviço Público},
	author = {Barbosa, Lívia},
	year = {1996},
	pages = {58},
	file = {Fulltext:/home/gali/Zotero/storage/5BQG8H3D/1916630354.html:text/html;Snapshot:/home/gali/Zotero/storage/56853RKA/1916630354.html:text/html}
}

@article{hendrix_measuring_2010,
	title = {Measuring state capacity: {Theoretical} and empirical implications for the study of civil conflict},
	volume = {47},
	shorttitle = {Measuring state capacity},
	number = {3},
	journal = {Journal of Peace Research},
	author = {Hendrix, Cullen S.},
	year = {2010},
	pages = {273--285},
	file = {Fulltext:/home/gali/Zotero/storage/DBZW47C8/Hendrix - 2010 - Measuring state capacity Theoretical and empirica.pdf:application/pdf;Snapshot:/home/gali/Zotero/storage/Y2QBMTIC/0022343310361838.html:text/html}
}

@book{kurtz_latin_2013,
	title = {Latin {American} state building in comparative perspective: {Social} foundations of institutional order},
	shorttitle = {Latin {American} state building in comparative perspective},
	urldate = {2017-08-25},
	publisher = {Cambridge University Press},
	author = {Kurtz, Marcus J.},
	year = {2013},
	file = {Snapshot:/home/gali/Zotero/storage/3X5EWMNN/books.html:text/html}
}

@article{brosio_local_2008,
	title = {Local service provision in selected {OECD} countries: {Do} decentralized operations work better?},
	shorttitle = {Local service provision in selected {OECD} countries},
	author = {Brosio, Giorgio and Ahmad, Ehtisham},
	year = {2008},
	file = {Fulltext:/home/gali/Zotero/storage/RCDKUT52/Brosio and Ahmad - 2008 - Local service provision in selected OECD countries.pdf:application/pdf;Snapshot:/home/gali/Zotero/storage/H2FVGPMG/papers.html:text/html}
}

@book{putnam_making_1993,
	title = {Making {Democracy} {Work}: {Civic} {Traditions} in {Modern} {Italy}},
	author = {Putnam, Robert and Leonardi, Robert and Nanetti, Raphaelle},
	year = {1993}
}

@article{ferejohn_incumbent_1986,
	title = {Incumbent performance and electoral control},
	volume = {50},
	number = {1-3},
	journal = {Public choice},
	author = {Ferejohn, John},
	year = {1986},
	pages = {5--25},
	file = {Fulltext:/home/gali/Zotero/storage/6426PHRK/Ferejohn - 1986 - Incumbent performance and electoral control.pdf:application/pdf;Fulltext:/home/gali/Zotero/storage/92GG7RGJ/Ferejohn - 1986 - Incumbent performance and electoral control.pdf:application/pdf;Snapshot:/home/gali/Zotero/storage/V2F9WN4I/Ferejohn - 1986 - Incumbent performance and electoral control.pdf:application/pdf;Snapshot:/home/gali/Zotero/storage/ZU3AGUJJ/Ferejohn - 1986 - Incumbent performance and electoral control.pdf:application/pdf}
}

@book{hirschman_journeys_1973,
	title = {Journeys toward progress. {Studies} of economic policy-making in {Latin} {America}.},
	urldate = {2017-08-25},
	publisher = {WW Norton},
	author = {Hirschman, Albert O.},
	year = {1973},
	file = {Snapshot:/home/gali/Zotero/storage/C8JV7H2E/www.cabdirect.org.html:text/html}
}

@article{thelen_historical_1999,
	title = {Historical institutionalism in comparative politics},
	volume = {2},
	number = {1},
	journal = {Annual review of political science},
	author = {Thelen, Kathleen},
	year = {1999},
	pages = {369--404},
	file = {Fulltext:/home/gali/Zotero/storage/7ZRRANHL/Thelen - 1999 - Historical institutionalism in comparative politic.pdf:application/pdf;Snapshot:/home/gali/Zotero/storage/CPWR8L4A/annurev.polisci.2.1.html:text/html}
}

@book{grindle_jobs_2012,
	title = {Jobs for the {Boys}},
	urldate = {2017-08-21},
	publisher = {Harvard University Press},
	author = {Grindle, Merilee S.},
	year = {2012},
	file = {Snapshot:/home/gali/Zotero/storage/PAGENJQM/books.html:text/html}
}

@book{ahmad_handbook_2006,
	title = {Handbook of fiscal federalism},
	isbn = {1-84720-151-2},
	publisher = {Edward Elgar Publishing},
	author = {Ahmad, Ehtisham},
	year = {2006}
}

@article{evans_government_1996,
	title = {Government action, social capital and development: reviewing the evidence on synergy},
	volume = {24},
	shorttitle = {Government action, social capital and development},
	url = {http://www.sciencedirect.com/science/article/pii/0305750X96000216},
	number = {6},
	urldate = {2017-08-17},
	journal = {World development},
	author = {Evans, Peter},
	year = {1996},
	pages = {1119--1132},
	file = {[PDF] ufrn.br:/home/gali/Zotero/storage/FPULN6LD/Evans - 1996 - Government action, social capital and development.pdf:application/pdf;[PDF] ufrn.br:/home/gali/Zotero/storage/ISJ2J36A/Evans - 1996 - Government action, social capital and development.pdf:application/pdf;Snapshot:/home/gali/Zotero/storage/CVZ7TYK4/0305750X96000216.html:text/html;Snapshot:/home/gali/Zotero/storage/Q7W8KPYK/0305750X96000216.html:text/html}
}

@book{grindle_going_2007,
	title = {Going local: decentralization, democratization, and the promise of good governance},
	shorttitle = {Going local},
	urldate = {2017-08-26},
	publisher = {Princeton University Press},
	author = {Grindle, Merilee S.},
	year = {2007},
	file = {Snapshot:/home/gali/Zotero/storage/F8QFUQ7T/books.html:text/html}
}

@book{tendler_good_1997,
	title = {Good government in the tropics.},
	urldate = {2017-08-17},
	publisher = {Johns Hopkins University Press},
	author = {Tendler, Judith},
	year = {1997},
	file = {Snapshot:/home/gali/Zotero/storage/KBFWE2LG/www.cabdirect.org.html:text/html}
}

@article{kaufman_globalization_2001,
	title = {Globalization, domestic politics, and social spending in {Latin} {America}: a time-series cross-section analysis, 1973–97},
	volume = {53},
	shorttitle = {Globalization, domestic politics, and social spending in {Latin} {America}},
	number = {4},
	urldate = {2017-08-24},
	journal = {World politics},
	author = {Kaufman, Robert R. and Segura-Ubiergo, Alex},
	year = {2001},
	pages = {553--587},
	file = {Snapshot:/home/gali/Zotero/storage/8LIID9KE/A33367CE6D2F5788923BD8B9094C351E.html:text/html}
}

@book{weber_max_2009,
	title = {From {Max} {Weber}: essays in sociology},
	shorttitle = {From {Max} {Weber}},
	publisher = {Routledge},
	author = {Weber, Max},
	year = {2009},
	file = {Snapshot:/home/gali/Zotero/storage/8ZU3YLQ4/books.html:text/html}
}

@article{grindle_good_2004,
	title = {Good enough governance: poverty reduction and reform in developing countries},
	volume = {17},
	shorttitle = {Good enough governance},
	url = {http://onlinelibrary.wiley.com/doi/10.1111/j.0952-1895.2004.00256.x/full},
	number = {4},
	urldate = {2017-10-06},
	journal = {Governance},
	author = {Grindle, Merilee S.},
	year = {2004},
	pages = {525--548},
	file = {Snapshot:/home/gali/Zotero/storage/F3TDFF5B/full.html:text/html}
}

@article{gailmard_formal_2012,
	title = {Formal models of bureaucracy},
	volume = {15},
	journal = {Annual Review of Political Science},
	author = {Gailmard, Sean and Patty, John W.},
	year = {2012},
	pages = {353--377},
	file = {Fulltext:/home/gali/Zotero/storage/GX8MEU4P/Gailmard and Patty - 2012 - Formal models of bureaucracy.pdf:application/pdf;Snapshot:/home/gali/Zotero/storage/2GLT8CN7/annurev-polisci-031710-103314.html:text/html}
}

@article{pessoa_emprego_2009,
	title = {Emprego público no {Brasil}: comparação internacional e evolução},
	shorttitle = {Emprego público no {Brasil}},
	urldate = {2017-08-19},
	author = {Pessoa, Eneuton and Mattos, Fernando Augusto Mansor de and Britto, Marcelo Almeida de and Figueiredo, Simone da Silva},
	year = {2009},
	file = {[PDF] ipea.gov.br:/home/gali/Zotero/storage/T5PRLZLD/Pessoa et al. - 2009 - Emprego público no Brasil comparação internaciona.pdf:application/pdf;Fulltext:/home/gali/Zotero/storage/G3K3KSLK/Pessoa et al. - 2009 - Emprego público no Brasil comparação internaciona.pdf:application/pdf;Snapshot:/home/gali/Zotero/storage/DFL6LI5X/5209.html:text/html;Snapshot:/home/gali/Zotero/storage/RQWNYMJ4/5209.html:text/html}
}

@article{hood_public_1991,
	title = {A public management for all seasons?},
	volume = {69},
	number = {1},
	journal = {Public administration},
	author = {Hood, Christopher},
	year = {1991},
	pages = {3--19},
	file = {Full Text:/home/gali/Zotero/storage/UVKY7IBH/Hood - 1991 - A public management for all seasons.pdf:application/pdf;Snapshot:/home/gali/Zotero/storage/TRJ662XP/j.1467-9299.1991.tb00779.html:text/html}
}

@article{gruening_origin_2001,
	title = {Origin and theoretical basis of {New} {Public} {Management}},
	volume = {4},
	number = {1},
	journal = {International public management journal},
	author = {Gruening, Gernod},
	year = {2001},
	pages = {1--25},
	file = {Full Text:/home/gali/Zotero/storage/639GNUIA/Gruening - 2001 - Origin and theoretical basis of New Public Managem.pdf:application/pdf;Snapshot:/home/gali/Zotero/storage/A54MHUXX/S1096749401000411.html:text/html}
}

@article{adnot_teacher_2017,
	title = {Teacher turnover, teacher quality, and student achievement in {DCPS}},
	volume = {39},
	number = {1},
	journal = {Educational Evaluation and Policy Analysis},
	author = {Adnot, Melinda and Dee, Thomas and Katz, Veronica and Wyckoff, James},
	year = {2017},
	pages = {54--76},
	file = {Full Text:/home/gali/Zotero/storage/HU9SAH55/Adnot et al. - 2017 - Teacher turnover, teacher quality, and student ach.pdf:application/pdf;Snapshot:/home/gali/Zotero/storage/7YAYJ3YK/0162373716663646.html:text/html}
}

@article{ronfeldt_how_2013,
	title = {How teacher turnover harms student achievement},
	volume = {50},
	number = {1},
	journal = {American Educational Research Journal},
	author = {Ronfeldt, Matthew and Loeb, Susanna and Wyckoff, James},
	year = {2013},
	pages = {4--36},
	file = {Full Text:/home/gali/Zotero/storage/IIZNUP3G/Ronfeldt et al. - 2013 - How teacher turnover harms student achievement.pdf:application/pdf;Snapshot:/home/gali/Zotero/storage/TEK258T3/0002831212463813.html:text/html}
}

@misc{noauthor_ronfeldt_nodate,
	title = {ronfeldt et al 2013 - {Google} {Search}},
	url = {https://www.google.com/search?client=ubuntu&channel=fs&q=ronfeldt+et+al+2013&ie=utf-8&oe=utf-8},
	urldate = {2019-05-29},
	file = {ronfeldt et al 2013 - Google Search:/home/gali/Zotero/storage/78T7KYDG/search.html:text/html}
}

@misc{noauthor_rotatividade_nodate,
	title = {Rotatividade de diretores e desempenho da escola - {Google} {Scholar}},
	url = {https://scholar.google.com/scholar?hl=en&as_sdt=0%2C39&q=Rotatividade+de+diretores+e+desempenho+da+escola&btnG=},
	urldate = {2019-05-29},
	file = {Rotatividade de diretores e desempenho da escola - Google Scholar:/home/gali/Zotero/storage/ZBMS3MG2/scholar.html:text/html}
}

@article{lotta_o_2012,
	title = {O papel das burocracias do nível da rua na implementação de políticas públicas: entre o controle e a discricionariedade},
	shorttitle = {O papel das burocracias do nível da rua na implementação de políticas públicas},
	journal = {Implementação de políticas públicas: teoria e prática. Belo Horizonte: PUC Minas},
	author = {Lotta, Gabriela Spanghero},
	year = {2012},
	pages = {20--49}
}

@article{abrucio_formacao_2016,
	title = {Formação de professores no {Brasil}: diagnóstico, agenda de políticas e estratégias para a mudança},
	volume = {88},
	shorttitle = {Formação de professores no {Brasil}},
	journal = {São Paulo: Moderna},
	author = {Abrucio, Fernando Luiz},
	year = {2016}
}

@article{oliveira_burocracia_2018,
	title = {Burocracia de médio escalão e diretores de escola: um novo olhar sobre o conceito},
	shorttitle = {Burocracia de médio escalão e diretores de escola},
	author = {Oliveira, Vanessa Elias de and Abrucio, Fernando Luiz},
	year = {2018},
	file = {Full Text:/home/gali/Zotero/storage/JH3JNW33/Oliveira and Abrucio - 2018 - Burocracia de médio escalão e diretores de escola.pdf:application/pdf;Snapshot:/home/gali/Zotero/storage/YDH8BUPI/8605.html:text/html}
}

@article{gatti_educacao_2013,
	title = {Educação, escola e formação de professores: políticas e impasses},
	volume = {29},
	shorttitle = {Educação, escola e formação de professores},
	number = {50},
	journal = {Educar em Revista},
	author = {Gatti, Bernardete A.},
	year = {2013},
	pages = {51--67},
	file = {Full Text:/home/gali/Zotero/storage/V5P8GAIX/Gatti - 2013 - Educação, escola e formação de professores políti.pdf:application/pdf;Snapshot:/home/gali/Zotero/storage/PEHVE5M4/34740.html:text/html}
}

@article{rodriguez_financiamento_2001,
	title = {Financiamento da educação e políticas públicas: o {Fundef} e a política de descentralização},
	shorttitle = {Financiamento da educação e políticas públicas},
	journal = {Cadernos Cedes},
	author = {Rodriguez, Vicente},
	year = {2001},
	file = {Full Text:/home/gali/Zotero/storage/XVFKPSWY/Rodriguez - 2001 - Financiamento da educação e políticas públicas o .pdf:application/pdf}
}

@article{castro_descentralizacao_2008,
	title = {Descentralização da educação pública no {Brasil}: trajetória dos gastos e das matrículas},
	shorttitle = {Descentralização da educação pública no {Brasil}},
	author = {Castro, Jorge Abrahão de and Duarte, Bruno de Carvalho},
	year = {2008},
	file = {Full Text:/home/gali/Zotero/storage/3BAAHLTZ/Castro and Duarte - 2008 - Descentralização da educação pública no Brasil tr.pdf:application/pdf;Snapshot:/home/gali/Zotero/storage/N459WCIH/1530.html:text/html}
}

@article{castro_descentralizacao_2008-1,
	title = {Descentralização da educação pública no {Brasil}: trajetória dos gastos e das matrículas},
	shorttitle = {Descentralização da educação pública no {Brasil}},
	author = {Castro, Jorge Abrahão de and Duarte, Bruno de Carvalho},
	year = {2008},
	file = {Full Text:/home/gali/Zotero/storage/E5MTIWQM/Castro and Duarte - 2008 - Descentralização da educação pública no Brasil tr.pdf:application/pdf;Snapshot:/home/gali/Zotero/storage/MM8NJ7BY/1530.html:text/html}
}

@article{dourado_politicas_2007,
	title = {Políticas e gestão da educação básica no {Brasil}: limites e perspectivas},
	volume = {28},
	shorttitle = {Políticas e gestão da educação básica no {Brasil}},
	number = {100},
	journal = {Educação \& Sociedade},
	author = {Dourado, Luiz Fernandes},
	year = {2007},
	pages = {921--946},
	file = {Full Text:/home/gali/Zotero/storage/EB58ZH73/Dourado - 2007 - Políticas e gestão da educação básica no Brasil l.pdf:application/pdf}
}

@article{militao_educacao_2014,
	title = {{EDUCAÇÃO} {MUNICIPAL}: {PROTAGONISMO} {E} {DESAFIOS}},
	shorttitle = {{EDUCAÇÃO} {MUNICIPAL}},
	number = {8},
	journal = {Pedagogia em Foco},
	author = {Militão, Silvio Cesar Nunes and Militão, Andréia Nunes and Perboni, Fábio},
	year = {2014},
	file = {Full Text:/home/gali/Zotero/storage/NT4JBTXC/Militão et al. - 2014 - EDUCAÇÃO MUNICIPAL PROTAGONISMO E DESAFIOS.pdf:application/pdf;Snapshot:/home/gali/Zotero/storage/A5K2G4TS/7.html:text/html}
}

@article{espindola_percursos_2004,
	title = {{PERCURSOS} {E} {DESAFIOS} {DA} {MUNICIPALIZAÇÃO} {DO} {ENSINO} {FUNDAMENTAL} {EM} {DOURADOS}–{MS}},
	volume = {29},
	number = {1},
	journal = {Revista Inter Ação},
	author = {Espíndola, Maria Dilnéia and de Freitas, Dirce Nei Teixeira},
	year = {2004},
	pages = {43--62},
	file = {Full Text:/home/gali/Zotero/storage/I4GABHA4/Espíndola and de Freitas - 2004 - PERCURSOS E DESAFIOS DA MUNICIPALIZAÇÃO DO ENSINO .pdf:application/pdf;Snapshot:/home/gali/Zotero/storage/QI5YQ8UE/1331.html:text/html}
}

@article{jiang_making_2018,
	title = {Making bureaucracy work: {Patronage} networks, performance incentives, and economic development in china},
	volume = {62},
	shorttitle = {Making bureaucracy work},
	number = {4},
	journal = {American Journal of Political Science},
	author = {Jiang, Junyan},
	year = {2018},
	pages = {982--999},
	file = {Full Text:/home/gali/Zotero/storage/DXHCA67E/Jiang - 2018 - Making bureaucracy work Patronage networks, perfo.pdf:application/pdf;Snapshot:/home/gali/Zotero/storage/LGZFDBTY/ajps.html:text/html}
}

@article{ross_is_2006,
	title = {Is democracy good for the poor?},
	volume = {50},
	number = {4},
	journal = {American Journal of Political Science},
	author = {Ross, Michael},
	year = {2006},
	pages = {860--874},
	file = {Full Text:/home/gali/Zotero/storage/S6KDQH8J/j.1540-5907.2006.00220.html:text/html;Snapshot:/home/gali/Zotero/storage/U2XMRFCU/j.1540-5907.2006.00220.html:text/html}
}

@book{haggard_development_2008,
	title = {Development, democracy, and welfare states: {Latin} {America}, {East} {Asia}, and eastern {Europe}},
	shorttitle = {Development, democracy, and welfare states},
	publisher = {Princeton University Press},
	author = {Haggard, Stephan and Kaufman, Robert R.},
	year = {2008},
	file = {Snapshot:/home/gali/Zotero/storage/8UCGI3R9/books.html:text/html}
}

@book{huber_democracy_2012,
	title = {Democracy and the left: social policy and inequality in {Latin} {America}},
	shorttitle = {Democracy and the left},
	publisher = {University of Chicago Press},
	author = {Huber, Evelyne and Stephens, John D.},
	year = {2012},
	file = {Snapshot:/home/gali/Zotero/storage/8C5UMB2Z/books.html:text/html}
}

@book{arretche_dossie_2006,
	title = {Dossiê agenda de pesquisas em políticas públicas},
	publisher = {SciELO Brasil},
	author = {Arretche, Marta},
	year = {2006},
	file = {Full Text:/home/gali/Zotero/storage/FDVJIEFR/Arretche - 2006 - Dossiê agenda de pesquisas em políticas públicas.pdf:application/pdf}
}

@article{arretche_politicas_1999,
	title = {Políticas sociais no {Brasil}: descentralização em um {Estado} federativo},
	volume = {14},
	shorttitle = {Políticas sociais no {Brasil}},
	number = {40},
	journal = {Revista brasileira de ciências sociais},
	author = {Arretche, Marta TS},
	year = {1999},
	pages = {111--141},
	file = {Full Text:/home/gali/Zotero/storage/7XTG2EWS/Arretche - 1999 - Políticas sociais no Brasil descentralização em u.pdf:application/pdf}
}

@article{arretche_mitos_1996,
	title = {Mitos da descentralização: mais democracia e eficiência nas políticas públicas},
	volume = {11},
	shorttitle = {Mitos da descentralização},
	number = {31},
	journal = {Revista brasileira de ciências sociais},
	author = {Arretche, Marta TS},
	year = {1996},
	pages = {44--66},
	file = {Full Text:/home/gali/Zotero/storage/DUNCLDBT/Arretche - 1996 - Mitos da descentralização mais democracia e efici.pdf:application/pdf}
}

@article{besley_political_2003,
	title = {Political institutions and policy choices: evidence from the {United} {States}},
	volume = {41},
	shorttitle = {Political institutions and policy choices},
	number = {1},
	journal = {Journal of Economic Literature},
	author = {Besley, Timothy and Case, Anne},
	year = {2003},
	pages = {7--73},
	file = {Full Text:/home/gali/Zotero/storage/DPPK47NK/Besley and Case - 2003 - Political institutions and policy choices evidenc.pdf:application/pdf;Snapshot:/home/gali/Zotero/storage/9ZBC4KJ8/articles.html:text/html}
}

@article{besley_does_1995,
	title = {Does electoral accountability affect economic policy choices? {Evidence} from gubernatorial term limits},
	volume = {110},
	shorttitle = {Does electoral accountability affect economic policy choices?},
	number = {3},
	journal = {The Quarterly Journal of Economics},
	author = {Besley, Timothy and Case, Anne},
	year = {1995},
	pages = {769--798},
	file = {Full Text:/home/gali/Zotero/storage/4DHLZLPT/Besley and Case - 1995 - Does electoral accountability affect economic poli.pdf:application/pdf;Snapshot:/home/gali/Zotero/storage/ZWEC7QKL/1859259.html:text/html}
}

@article{besley_political_2003-1,
	title = {Political institutions and policy choices: evidence from the {United} {States}},
	volume = {41},
	shorttitle = {Political institutions and policy choices},
	number = {1},
	journal = {Journal of Economic Literature},
	author = {Besley, Timothy and Case, Anne},
	year = {2003},
	pages = {7--73},
	file = {Full Text:/home/gali/Zotero/storage/D3RVP95A/Besley and Case - 2003 - Political institutions and policy choices evidenc.pdf:application/pdf;Snapshot:/home/gali/Zotero/storage/FWYT6ZT9/articles.html:text/html}
}

@article{snyder_jr_press_2010,
	title = {Press coverage and political accountability},
	volume = {118},
	number = {2},
	journal = {Journal of political Economy},
	author = {Snyder Jr, James M. and Strömberg, David},
	year = {2010},
	pages = {355--408},
	file = {Full Text:/home/gali/Zotero/storage/A2YSZTLZ/Snyder Jr and Strömberg - 2010 - Press coverage and political accountability.pdf:application/pdf;Snapshot:/home/gali/Zotero/storage/UKCGGFLM/652903.html:text/html}
}

@article{ashworth_electoral_2012,
	title = {Electoral accountability: recent theoretical and empirical work},
	volume = {15},
	shorttitle = {Electoral accountability},
	journal = {Annual Review of Political Science},
	author = {Ashworth, Scott},
	year = {2012},
	pages = {183--201},
	file = {Full Text:/home/gali/Zotero/storage/SE6SVE7N/annurev-polisci-031710-103823.html:text/html;Snapshot:/home/gali/Zotero/storage/SCFFM889/annurev-polisci-031710-103823.html:text/html}
}

@article{bawn_short_2006,
	title = {Short versus long coalitions: electoral accountability and the size of the public sector},
	volume = {50},
	shorttitle = {Short versus long coalitions},
	number = {2},
	journal = {American Journal of Political Science},
	author = {Bawn, Kathleen and Rosenbluth, Frances},
	year = {2006},
	pages = {251--265},
	file = {Full Text:/home/gali/Zotero/storage/UGLRYIJI/Bawn and Rosenbluth - 2006 - Short versus long coalitions electoral accountabi.pdf:application/pdf;Snapshot:/home/gali/Zotero/storage/J64WIN4L/j.1540-5907.2006.00182.html:text/html}
}

@article{milesi-ferretti_electoral_2002,
	title = {Electoral systems and public spending},
	volume = {117},
	number = {2},
	journal = {The Quarterly Journal of Economics},
	author = {Milesi-Ferretti, Gian Maria and Perotti, Roberto and Rostagno, Massimo},
	year = {2002},
	pages = {609--657},
	file = {Full Text:/home/gali/Zotero/storage/4XQNDVGI/Milesi-Ferretti et al. - 2002 - Electoral systems and public spending.pdf:application/pdf;Snapshot:/home/gali/Zotero/storage/CRMRJNWJ/1883927.html:text/html}
}

@article{abrucio_redefinicao_1996,
	title = {A redefinição do papel do {Estado} no âmbito local},
	volume = {10},
	number = {3},
	journal = {São Paulo Perspect},
	author = {Abrucio, Fernando Luiz and Couto, Claudio Gonçalves},
	year = {1996},
	pages = {40--47}
}

@article{couto_governando_1995,
	title = {Governando a cidade? {A} força e a fraqueza da {Câmara} {Municipal}},
	volume = {9},
	shorttitle = {Governando a cidade?},
	number = {2},
	journal = {São Paulo em Perspectiva},
	author = {Couto, Cláudio Gonçalves and Abrucio, Fernando Luiz},
	year = {1995},
	pages = {57--65}
}

@article{gottlieb_countervailing_2019,
	title = {The {Countervailing} {Effects} of {Competition} on {Public} {Goods} {Provision}: {When} {Bargaining} {Inefficiencies} {Lead} to {Bad} {Outcomes}},
	volume = {113},
	shorttitle = {The {Countervailing} {Effects} of {Competition} on {Public} {Goods} {Provision}},
	number = {1},
	journal = {American Political Science Review},
	author = {Gottlieb, Jessica and Kosec, Katrina},
	year = {2019},
	pages = {88--107},
	file = {Full Text:/home/gali/Zotero/storage/PVQC6GZ3/Gottlieb and Kosec - 2019 - The Countervailing Effects of Competition on Publi.pdf:application/pdf;Snapshot:/home/gali/Zotero/storage/XJ72X75D/727C15A5BD372A2173596177A12C9D68.html:text/html}
}

@article{duflo_peer_2011,
	title = {Peer effects, teacher incentives, and the impact of tracking: {Evidence} from a randomized evaluation in {Kenya}},
	volume = {101},
	shorttitle = {Peer effects, teacher incentives, and the impact of tracking},
	number = {5},
	journal = {American Economic Review},
	author = {Duflo, Esther and Dupas, Pascaline and Kremer, Michael},
	year = {2011},
	pages = {1739--74},
	file = {Full Text:/home/gali/Zotero/storage/VNGRVG6K/Duflo et al. - 2011 - Peer effects, teacher incentives, and the impact o.pdf:application/pdf;Snapshot:/home/gali/Zotero/storage/WP9S4HUP/articles.html:text/html}
}

@article{duflo_incentives_2012,
	title = {Incentives work: {Getting} teachers to come to school},
	volume = {102},
	shorttitle = {Incentives work},
	number = {4},
	journal = {American Economic Review},
	author = {Duflo, Esther and Hanna, Rema and Ryan, Stephen P.},
	year = {2012},
	pages = {1241--78},
	file = {Full Text:/home/gali/Zotero/storage/UTA236TZ/Duflo et al. - 2012 - Incentives work Getting teachers to come to schoo.pdf:application/pdf;Snapshot:/home/gali/Zotero/storage/DHU7MYPK/articles.html:text/html}
}

@article{lewis_presidential_2011,
	title = {Presidential appointments and personnel},
	volume = {14},
	journal = {Annual Review of Political Science},
	author = {Lewis, David E.},
	year = {2011},
	pages = {47--66},
	file = {Full Text:/home/gali/Zotero/storage/RAX5H7C6/annurev-polisci-042009-121225.html:text/html;Snapshot:/home/gali/Zotero/storage/8NIDZNDZ/annurev-polisci-042009-121225.html:text/html}
}

@article{mccarty_appointments_2004,
	title = {The appointments dilemma},
	volume = {48},
	number = {3},
	journal = {American Journal of Political Science},
	author = {McCarty, Nolan},
	year = {2004},
	pages = {413--428},
	file = {Full Text:/home/gali/Zotero/storage/WA7LTMS8/McCarty - 2004 - The appointments dilemma.pdf:application/pdf;Snapshot:/home/gali/Zotero/storage/DW8XHIE5/j.0092-5853.2004.00078.html:text/html}
}

@article{lowande_who_2018,
	title = {Who {Polices} the {Administrative} {State}?},
	volume = {112},
	number = {4},
	journal = {American Political Science Review},
	author = {Lowande, Kenneth},
	year = {2018},
	pages = {874--890},
	file = {Full Text:/home/gali/Zotero/storage/5YTXDZAQ/Lowande - 2018 - Who Polices the Administrative State.pdf:application/pdf;Snapshot:/home/gali/Zotero/storage/VLURARCS/B797F144CB5AE5E9AF0601725B9D6646.html:text/html}
}

@article{de_figueiredo_electoral_2002,
	title = {Electoral competition, political uncertainty, and policy insulation},
	volume = {96},
	number = {2},
	journal = {American Political Science Review},
	author = {De Figueiredo, Rui JP},
	year = {2002},
	pages = {321--333},
	file = {Full Text:/home/gali/Zotero/storage/R6WSWQC6/De Figueiredo - 2002 - Electoral competition, political uncertainty, and .pdf:application/pdf;Snapshot:/home/gali/Zotero/storage/3QJIAXGA/4C60136A9DA2C5C18D8052DE1ADD2D78.html:text/html}
}

@article{bawn_political_1995,
	title = {Political control versus expertise: {Congressional} choices about administrative procedures},
	volume = {89},
	shorttitle = {Political control versus expertise},
	number = {1},
	journal = {American Political Science Review},
	author = {Bawn, Kathleen},
	year = {1995},
	pages = {62--73},
	file = {Full Text:/home/gali/Zotero/storage/AWM3RFTW/Bawn - 1995 - Political control versus expertise Congressional .pdf:application/pdf;Snapshot:/home/gali/Zotero/storage/U2MYYWYF/0E9EEB721D4B480373FA3674E2CB2363.html:text/html}
}

@book{arnold_congress_1980,
	title = {Congress and the bureaucracy: {A} theory of influence},
	shorttitle = {Congress and the bureaucracy},
	number = {28},
	publisher = {Yale University Press},
	author = {Arnold, R. Douglas},
	year = {1980},
	file = {Snapshot:/home/gali/Zotero/storage/ZRPI7595/books.html:text/html}
}

@article{moe_politics_1989-1,
	title = {The politics of bureaucratic structure},
	volume = {267},
	journal = {Can the government govern},
	author = {Moe, Terry M.},
	year = {1989},
	pages = {285--323}
}

@article{boas_spoils_2014,
	title = {The spoils of victory: campaign donations and government contracts in {Brazil}},
	volume = {76},
	shorttitle = {The spoils of victory},
	number = {2},
	journal = {The Journal of Politics},
	author = {Boas, Taylor C. and Hidalgo, F. Daniel and Richardson, Neal P.},
	year = {2014},
	pages = {415--429},
	file = {Full Text:/home/gali/Zotero/storage/WCA27KSP/Boas et al. - 2014 - The spoils of victory campaign donations and gove.pdf:application/pdf;Snapshot:/home/gali/Zotero/storage/D7LZRBZI/s002238161300145x.html:text/html}
}

@article{braganca_political_2015,
	title = {Political dynasties and the quality of government},
	journal = {Unpublished Manuscript},
	author = {Bragança, Arthur and Ferraz, Claudio and Rios, Juan},
	year = {2015},
	file = {Full Text:/home/gali/Zotero/storage/2T8B9Z86/Bragança et al. - 2015 - Political dynasties and the quality of government.pdf:application/pdf}
}

@article{fiva_political_2018,
	title = {Political dynasties and the incumbency advantage in party-centered environments},
	volume = {112},
	number = {3},
	journal = {American Political Science Review},
	author = {Fiva, Jon H. and Smith, Daniel M.},
	year = {2018},
	pages = {706--712},
	file = {Full Text:/home/gali/Zotero/storage/SQFVVCHR/Fiva and Smith - 2018 - Political dynasties and the incumbency advantage i.pdf:application/pdf;Snapshot:/home/gali/Zotero/storage/2CIV5KB3/E8F8EFEAB5BFA577D57E857866369EA6.html:text/html}
}

@article{querubin_family_2010,
	title = {Family and politics: {Dynastic} persistence in the {Philippines}},
	shorttitle = {Family and politics},
	journal = {Unpublished manuscript, MIT},
	author = {Querubin, Pablo},
	year = {2010},
	file = {Full Text:/home/gali/Zotero/storage/UTK23IKD/Querubin - 2010 - Family and politics Dynastic persistence in the P.pdf:application/pdf}
}

@article{cruz_politician_2017,
	title = {Politician family networks and electoral outcomes: {Evidence} from the {Philippines}},
	volume = {107},
	shorttitle = {Politician family networks and electoral outcomes},
	number = {10},
	journal = {American Economic Review},
	author = {Cruz, Cesi and Labonne, Julien and Querubin, Pablo},
	year = {2017},
	pages = {3006--37},
	file = {Full Text:/home/gali/Zotero/storage/8M8EP98I/Cruz et al. - 2017 - Politician family networks and electoral outcomes.pdf:application/pdf;Snapshot:/home/gali/Zotero/storage/N2LKJWR7/articles.html:text/html}
}

@article{querubin_family_2010-1,
	title = {Family and politics: {Dynastic} persistence in the {Philippines}},
	shorttitle = {Family and politics},
	journal = {Unpublished manuscript, MIT},
	author = {Querubin, Pablo},
	year = {2010},
	file = {Full Text:/home/gali/Zotero/storage/RZLNNI82/Querubin - 2010 - Family and politics Dynastic persistence in the P.pdf:application/pdf}
}

@article{braganca_political_2015-1,
	title = {Political dynasties and the quality of government},
	journal = {Unpublished Manuscript},
	author = {Bragança, Arthur and Ferraz, Claudio and Rios, Juan},
	year = {2015},
	file = {Full Text:/home/gali/Zotero/storage/VHDE2ZM5/Bragança et al. - 2015 - Political dynasties and the quality of government.pdf:application/pdf}
}

@article{dal_bo_political_2009,
	title = {Political dynasties},
	volume = {76},
	number = {1},
	journal = {The Review of Economic Studies},
	author = {Dal Bó, Ernesto and Dal Bó, Pedro and Snyder, Jason},
	year = {2009},
	pages = {115--142},
	file = {Full Text:/home/gali/Zotero/storage/6SK54QN3/Dal Bó et al. - 2009 - Political dynasties.pdf:application/pdf;Snapshot:/home/gali/Zotero/storage/K6PPHPPZ/1574319.html:text/html}
}

@article{mainwaring_party_1998,
	title = {Party systems in the third wave},
	volume = {9},
	number = {3},
	journal = {Journal of Democracy},
	author = {Mainwaring, Scott},
	year = {1998},
	pages = {67--81},
	file = {Full Text:/home/gali/Zotero/storage/IEFWJWE9/16902.html:text/html;Snapshot:/home/gali/Zotero/storage/XTMVYALV/summary.html:text/html}
}

@book{mainwaring_rethinking_1999,
	title = {Rethinking party systems in the third wave of democratization: the case of {Brazil}},
	shorttitle = {Rethinking party systems in the third wave of democratization},
	publisher = {Stanford University Press},
	author = {Mainwaring, Scott},
	year = {1999},
	file = {Full Text:/home/gali/Zotero/storage/2IZZDN9Q/Mainwaring - 1999 - Rethinking party systems in the third wave of demo.pdf:application/pdf;Snapshot:/home/gali/Zotero/storage/F6BH3NJJ/books.html:text/html}
}

@book{mainwaring_building_1995,
	title = {Building democratic institutions: {Party} systems in {Latin} {America}},
	shorttitle = {Building democratic institutions},
	publisher = {Stanford University Press Stanford},
	author = {Mainwaring, Scott and Scully, Timothy},
	year = {1995},
	file = {Snapshot:/home/gali/Zotero/storage/5J8R3JMK/476C994018094B1D61F28AB6F166302B.html:text/html}
}

@book{mainwaring_rethinking_1999-1,
	title = {Rethinking party systems in the third wave of democratization: the case of {Brazil}},
	shorttitle = {Rethinking party systems in the third wave of democratization},
	publisher = {Stanford University Press},
	author = {Mainwaring, Scott},
	year = {1999},
	file = {Full Text:/home/gali/Zotero/storage/BLUGZQV6/Mainwaring - 1999 - Rethinking party systems in the third wave of demo.pdf:application/pdf;Snapshot:/home/gali/Zotero/storage/ZPD5RXZ6/books.html:text/html}
}

@article{silva_o_2014,
	title = {O mistério dos ministérios: a governança da coalizão no presidencialismo brasileiro},
	shorttitle = {O mistério dos ministérios},
	author = {Silva, Mariana Batista da},
	year = {2014},
	file = {Snapshot:/home/gali/Zotero/storage/5W4PE75Y/12073.html:text/html}
}

@article{batista_o_2013,
	title = {O poder no {Executivo}: uma análise do papel da {Presidência} e dos {Ministérios} no presidencialismo de coalizão brasileiro (1995-2010)},
	volume = {19},
	shorttitle = {O poder no {Executivo}},
	number = {2},
	journal = {Opinião Pública},
	author = {Batista, Mariana},
	year = {2013},
	pages = {449--473},
	file = {Full Text:/home/gali/Zotero/storage/FKANRU5K/scielo.html:text/html}
}

@article{samuels_political_2008,
	title = {Political ambition, candidate recruitment, and legislative politics in {Brazil}},
	journal = {Pathways to power: political recruitment and candidate selection in Latin America},
	author = {Samuels, David},
	year = {2008},
	pages = {76--91},
	file = {Full Text:/home/gali/Zotero/storage/NGCNXTVA/Samuels - 2008 - Political ambition, candidate recruitment, and leg.pdf:application/pdf}
}

@article{perissinotto_electoral_2010,
	title = {Electoral success and political institutionalization in the {Federal} {Deputy} elections in {Brazil} (1998, 2002 and 2006)},
	volume = {5},
	issn = {1981-3821},
	url = {http://socialsciences.scielo.org/scielo.php?script=sci_abstract&pid=S1981-38212010000100001&lng=en&nrm=iso&tlng=en},
	number = {SE},
	urldate = {2019-03-09},
	journal = {Brazilian Political Science Review (Online)},
	author = {Perissinotto, Renato and Bolognesi, Bruno},
	year = {2010},
	pages = {0--0},
	file = {Full Text PDF:/home/gali/Zotero/storage/APXZ4FIF/Perissinotto and Bolognesi - 2010 - Electoral success and political institutionalizati.pdf:application/pdf;Snapshot:/home/gali/Zotero/storage/R6KNXWZF/scielo.html:text/html}
}

@article{samuels_presidentialized_2002,
	title = {Presidentialized parties: {The} separation of powers and party organization and behavior},
	volume = {35},
	shorttitle = {Presidentialized parties},
	number = {4},
	journal = {Comparative Political Studies},
	author = {Samuels, David J.},
	year = {2002},
	pages = {461--483},
	file = {Full Text:/home/gali/Zotero/storage/DXYU2QCX/Samuels - 2002 - Presidentialized parties The separation of powers.pdf:application/pdf;Snapshot:/home/gali/Zotero/storage/DZ8HFVFP/0010414002035004004.html:text/html}
}

@article{samuels_incentives_1999,
	title = {Incentives to cultivate a party vote in candidate-centric electoral systems: {Evidence} from {Brazil}},
	volume = {32},
	shorttitle = {Incentives to cultivate a party vote in candidate-centric electoral systems},
	number = {4},
	journal = {Comparative Political Studies},
	author = {Samuels, David J.},
	year = {1999},
	pages = {487--518},
	file = {Full Text:/home/gali/Zotero/storage/JPENZGLD/Samuels - 1999 - Incentives to cultivate a party vote in candidate-.pdf:application/pdf;Snapshot:/home/gali/Zotero/storage/GGUX2ZA2/0010414099032004004.html:text/html}
}

@article{lucas_ideological_2010,
	title = {The {Ideological} “{Coherence}” of the {Brazilian} {Party} {System}, 1990-2009},
	volume = {2},
	number = {3},
	journal = {Journal of Politics in Latin America},
	author = {Lucas, Kevin and Samuels, David},
	year = {2010},
	pages = {39--69},
	file = {Full Text:/home/gali/Zotero/storage/E539LQHZ/Lucas and Samuels - 2010 - The Ideological “Coherence” of the Brazilian Party.pdf:application/pdf;Snapshot:/home/gali/Zotero/storage/SUX2N9RI/1866802X1000200302.html:text/html}
}

@article{samuels_socialism_2004,
	title = {From socialism to social democracy: {Party} organization and the transformation of the workers’ party in {Brazil}},
	volume = {37},
	shorttitle = {From socialism to social democracy},
	number = {9},
	journal = {Comparative Political Studies},
	author = {Samuels, David},
	year = {2004},
	pages = {999--1024},
	file = {Full Text:/home/gali/Zotero/storage/HJWTW83A/Samuels - 2004 - From socialism to social democracy Party organiza.pdf:application/pdf;Snapshot:/home/gali/Zotero/storage/7HYZJX2M/0010414004268856.html:text/html}
}

@article{samuels_power_2014,
	title = {The power of partisanship in {Brazil}: {Evidence} from survey experiments},
	volume = {58},
	shorttitle = {The power of partisanship in {Brazil}},
	number = {1},
	journal = {American Journal of Political Science},
	author = {Samuels, David and Zucco Jr, Cesar},
	year = {2014},
	pages = {212--225},
	file = {Full Text:/home/gali/Zotero/storage/Y69UUGLM/Samuels and Zucco Jr - 2014 - The power of partisanship in Brazil Evidence from.pdf:application/pdf;Snapshot:/home/gali/Zotero/storage/PQ763PMX/ajps.html:text/html}
}

@article{samuels_ambition_2000,
	title = {Ambition and competition: {Explaining} legislative turnover in {Brazil}},
	shorttitle = {Ambition and competition},
	journal = {Legislative Studies Quarterly},
	author = {Samuels, David},
	year = {2000},
	pages = {481--497},
	file = {Full Text:/home/gali/Zotero/storage/8USD9L2R/Samuels - 2000 - Ambition and competition Explaining legislative t.pdf:application/pdf;Snapshot:/home/gali/Zotero/storage/HN9JQHJL/440417.html:text/html}
}

@article{samuels_value_2001,
	title = {The value of a vote: malapportionment in comparative perspective},
	volume = {31},
	shorttitle = {The value of a vote},
	number = {4},
	journal = {British Journal of Political Science},
	author = {Samuels, David and Snyder, Richard},
	year = {2001},
	pages = {651--671},
	file = {Full Text:/home/gali/Zotero/storage/ZJ6RRRUQ/Samuels and Snyder - 2001 - The value of a vote malapportionment in comparati.pdf:application/pdf;Snapshot:/home/gali/Zotero/storage/VHP3MNF9/7EEA266A0EF903AFFB0F113AA5BB0EE6.html:text/html}
}

@article{samuels_incentives_1999-1,
	title = {Incentives to cultivate a party vote in candidate-centric electoral systems: {Evidence} from {Brazil}},
	volume = {32},
	shorttitle = {Incentives to cultivate a party vote in candidate-centric electoral systems},
	number = {4},
	journal = {Comparative Political Studies},
	author = {Samuels, David J.},
	year = {1999},
	pages = {487--518},
	file = {Snapshot:/home/gali/Zotero/storage/EDQ2NGWT/0010414099032004004.html:text/html}
}

@article{nicolau_o_2006,
	title = {O sistema eleitoral de lista aberta no {Brasil}},
	volume = {49},
	number = {4},
	journal = {DADOS-Revista de ciências sociais},
	author = {Nicolau, Jairo},
	year = {2006},
	file = {Full Text:/home/gali/Zotero/storage/EKAN53E8/Nicolau - 2006 - O sistema eleitoral de lista aberta no Brasil.pdf:application/pdf}
}

@article{samuels_determinantes_1997,
	title = {Determinantes do voto partidário em sistemas eleitorais centrados no candidato: evidências sobre o {Brasil}},
	volume = {40},
	shorttitle = {Determinantes do voto partidário em sistemas eleitorais centrados no candidato},
	number = {3},
	journal = {Dados},
	author = {Samuels, David},
	year = {1997},
	file = {Full Text:/home/gali/Zotero/storage/FL652F3V/scielo.html:text/html}
}

@book{osborne_banishing_1997,
	title = {Banishing {Bureaucracy}: {The} {Five} {Strategies} for {Reinventing} {Government}.},
	shorttitle = {Banishing {Bureaucracy}},
	publisher = {ERIC},
	author = {Osborne, David and Plastrik, Peter},
	year = {1997},
	file = {Snapshot:/home/gali/Zotero/storage/2L4N7VM8/eric.ed.gov.html:text/html}
}

@article{ames_electoral_1995,
	title = {Electoral rules, constituency pressures, and pork barrel: bases of voting in the {Brazilian} {Congress}},
	volume = {57},
	shorttitle = {Electoral rules, constituency pressures, and pork barrel},
	number = {2},
	journal = {The Journal of politics},
	author = {Ames, Barry},
	year = {1995},
	pages = {324--343},
	file = {Full Text:/home/gali/Zotero/storage/33N36XBE/Ames - 1995 - Electoral rules, constituency pressures, and pork .pdf:application/pdf;Snapshot:/home/gali/Zotero/storage/TAMLRUVI/2960309.html:text/html}
}

@book{carpenter_forging_2001,
	title = {The forging of bureaucratic autonomy: {Reputations}, networks, and policy innovation in executive agencies, 1862-1928},
	volume = {78},
	shorttitle = {The forging of bureaucratic autonomy},
	publisher = {Princeton University Press},
	author = {Carpenter, Daniel P.},
	year = {2001},
	file = {Snapshot:/home/gali/Zotero/storage/UR3LQ848/books.html:text/html}
}

@book{cameron_veto_2000,
	title = {Veto bargaining: {Presidents} and the politics of negative power},
	shorttitle = {Veto bargaining},
	publisher = {Cambridge University Press},
	author = {Cameron, Charles M.},
	year = {2000},
	file = {Snapshot:/home/gali/Zotero/storage/3KLYJE66/books.html:text/html}
}

@article{krause_political_2006,
	title = {Political appointments, civil service systems, and bureaucratic competence: {Organizational} balancing and executive branch revenue forecasts in the {American} states},
	volume = {50},
	shorttitle = {Political appointments, civil service systems, and bureaucratic competence},
	number = {3},
	journal = {American Journal of Political Science},
	author = {Krause, George A. and Lewis, David E. and Douglas, James W.},
	year = {2006},
	pages = {770--787},
	file = {Full Text:/home/gali/Zotero/storage/3N2622S3/Krause et al. - 2006 - Political appointments, civil service systems, and.pdf:application/pdf;Snapshot:/home/gali/Zotero/storage/7XARTCPE/j.1540-5907.2006.00215.html:text/html}
}

@article{neto_presidential_2006,
	title = {The presidential calculus: {Executive} policy making and cabinet formation in the {Americas}},
	volume = {39},
	shorttitle = {The presidential calculus},
	number = {4},
	journal = {Comparative Political Studies},
	author = {Neto, Octavio Amorim},
	year = {2006},
	pages = {415--440},
	file = {Full Text:/home/gali/Zotero/storage/YEDWHQGL/Neto - 2006 - The presidential calculus Executive policy making.pdf:application/pdf;Snapshot:/home/gali/Zotero/storage/EDBJVQDA/0010414005282381.html:text/html}
}

@article{kaufman_emerging_1956,
	title = {Emerging conflicts in the doctrines of public administration},
	volume = {50},
	number = {4},
	journal = {American Political Science Review},
	author = {Kaufman, Herbert},
	year = {1956},
	pages = {1057--1073},
	file = {Snapshot:/home/gali/Zotero/storage/FNFQFIZV/807F5781EBE7B00D33515C14E4B29E9F.html:text/html}
}

@article{laver_coalitions_1990,
	title = {Coalitions and cabinet government},
	volume = {84},
	number = {3},
	journal = {American Political Science Review},
	author = {Laver, Michael and Shepsle, Kenneth A.},
	year = {1990},
	pages = {873--890},
	file = {Full Text:/home/gali/Zotero/storage/5SSVTDZV/Laver and Shepsle - 1990 - Coalitions and cabinet government.pdf:application/pdf;Snapshot:/home/gali/Zotero/storage/U57K4FNF/61CFD3BE0413216518DEFE1C127A9C15.html:text/html}
}

@article{amorim_neto_presidential_2000,
	title = {Presidential cabinets, electoral cycles, and coalition discipline in {Brazil}},
	volume = {43},
	number = {3},
	journal = {Dados},
	author = {Amorim Neto, Octavio},
	year = {2000},
	pages = {479--519},
	file = {Full Text:/home/gali/Zotero/storage/S54PGSNA/scielo.html:text/html}
}

@article{neto_agenda_2003,
	title = {Agenda power in {Brazil}'s {Câmara} dos {Deputados}, 1989–98},
	volume = {55},
	number = {4},
	journal = {World Politics},
	author = {Neto, Octavio Amorim and Cox, Gary W. and McCubbins, Mathew D.},
	year = {2003},
	pages = {550--578},
	file = {Full Text:/home/gali/Zotero/storage/ZBMRZ63C/Neto et al. - 2003 - Agenda power in Brazil's Câmara dos Deputados, 198.pdf:application/pdf;Snapshot:/home/gali/Zotero/storage/GPI7ZBJV/FC0E44B10EDA7A829AEC5340E73D403C.html:text/html}
}

@article{murillo_electoral_2010,
	title = {Electoral revolution or democratic alternation?},
	journal = {Latin American Research Review},
	author = {Murillo, María Victoria and Oliveros, Virginia and Vaishnav, Milan},
	year = {2010},
	pages = {87--114},
	file = {Full Text:/home/gali/Zotero/storage/8K5DMIUG/Murillo et al. - 2010 - Electoral revolution or democratic alternation.pdf:application/pdf;Snapshot:/home/gali/Zotero/storage/E8XRGEAZ/40926271.html:text/html}
}

@article{murillo_economic_2011,
	title = {Economic constraints and presidential agency},
	journal = {The resurgence of the Latin American left},
	author = {Murillo, María Victoria and Oliveros, Virginia and Vaishnav, Milan},
	year = {2011},
	pages = {52--70},
	file = {Snapshot:/home/gali/Zotero/storage/L5WYYGM6/scholar.html:text/html}
}

@article{oliveros_making_2016,
	title = {Making it personal: {Clientelism}, favors, and the personalization of public administration in {Argentina}},
	volume = {48},
	shorttitle = {Making it personal},
	number = {3},
	journal = {Comparative Politics},
	author = {Oliveros, Virginia},
	year = {2016},
	pages = {373--391},
	file = {Full Text:/home/gali/Zotero/storage/MJEX7AGU/Oliveros - 2016 - Making it personal Clientelism, favors, and the p.pdf:application/pdf;Snapshot:/home/gali/Zotero/storage/KUQSP38R/art00006.html:text/html}
}

@article{raile_executive_2011,
	title = {The executive toolbox: {Building} legislative support in a multiparty presidential regime},
	volume = {64},
	shorttitle = {The executive toolbox},
	number = {2},
	journal = {Political Research Quarterly},
	author = {Raile, Eric D. and Pereira, Carlos and Power, Timothy J.},
	year = {2011},
	pages = {323--334},
	file = {Fulltext:/home/gali/Zotero/storage/VB5FCV6I/Raile et al. - 2011 - The executive toolbox Building legislative suppor.pdf:application/pdf;Snapshot:/home/gali/Zotero/storage/UAC93SIN/1065912909355711.html:text/html}
}

@book{mendez_plebeian_2005,
	title = {The {Plebeian} {Republic}: {The} {Huanta} {Rebellion} and the {Making} of the {Peruvian} {State}, 1820–1850},
	shorttitle = {The {Plebeian} {Republic}},
	publisher = {Duke University Press},
	author = {Méndez, Cecilia},
	year = {2005},
	file = {Snapshot:/home/gali/Zotero/storage/HZ3SWYJE/books.html:text/html}
}

@article{capoccia_study_2007,
	title = {The study of critical junctures: {Theory}, narrative, and counterfactuals in historical institutionalism},
	volume = {59},
	shorttitle = {The study of critical junctures},
	number = {3},
	journal = {World politics},
	author = {Capoccia, Giovanni and Kelemen, R. Daniel},
	year = {2007},
	pages = {341--369},
	file = {Snapshot:/home/gali/Zotero/storage/7VXLR2FL/BAAE0860F1F641357C29C9AC72A54758.html:text/html}
}

@article{cortell_altered_1999,
	title = {Altered states: {Explaining} domestic institutional change},
	volume = {29},
	shorttitle = {Altered states},
	number = {1},
	journal = {British Journal of Political Science},
	author = {Cortell, Andrew P. and Peterson, Sysan},
	year = {1999},
	pages = {177--203},
	file = {Fulltext:/home/gali/Zotero/storage/MCDXJP4G/Cortell and Peterson - 1999 - Altered states Explaining domestic institutional .pdf:application/pdf;Snapshot:/home/gali/Zotero/storage/XBN9VLEG/70DD8E8C9F87D4A55D81E6693968E845.html:text/html}
}

@article{huber_bureaucratic_2004,
	title = {Bureaucratic capacity, delegation, and political reform},
	volume = {98},
	number = {3},
	journal = {American Political Science Review},
	author = {Huber, John D. and McCarty, Nolan},
	year = {2004},
	pages = {481--494},
	file = {Fulltext:/home/gali/Zotero/storage/BMKNIJ3N/Huber and McCarty - 2004 - Bureaucratic capacity, delegation, and political r.pdf:application/pdf;Snapshot:/home/gali/Zotero/storage/UV4BTBYJ/B423F17DAF264A240DD4AB4A982208B1.html:text/html}
}

@article{huber_replacing_2008,
	title = {Replacing cabinet ministers: {Patterns} of ministerial stability in parliamentary democracies},
	volume = {102},
	shorttitle = {Replacing cabinet ministers},
	number = {2},
	journal = {American Political Science Review},
	author = {Huber, John D. and Martinez-Gallardo, Cecilia},
	year = {2008},
	pages = {169--180},
	file = {Fulltext:/home/gali/Zotero/storage/2KKP85S2/Huber and Martinez-Gallardo - 2008 - Replacing cabinet ministers Patterns of ministeri.pdf:application/pdf;Snapshot:/home/gali/Zotero/storage/BBHPK7JX/A37FBD21D42A46274B10C778871894D3.html:text/html}
}

@book{evans_embedded_1995,
	title = {Embedded autonomy: {States} and industrial transformation},
	shorttitle = {Embedded autonomy},
	urldate = {2017-08-16},
	publisher = {Princeton University Press},
	author = {Evans, Peter},
	year = {1995},
	file = {[PDF] usp.br:/home/gali/Zotero/storage/VZ4AC2VV/Evans - 2012 - Embedded autonomy States and industrial transform.pdf:application/pdf;Snapshot:/home/gali/Zotero/storage/QMC4IUGM/books.html:text/html}
}

@article{baldwin_economic_2010,
	title = {Economic versus cultural differences: {Forms} of ethnic diversity and public goods provision},
	volume = {104},
	shorttitle = {Economic versus cultural differences},
	number = {4},
	journal = {American Political Science Review},
	author = {Baldwin, Kate and Huber, John D.},
	year = {2010},
	pages = {644--662},
	file = {Fulltext:/home/gali/Zotero/storage/Z34C7VYH/Baldwin and Huber - 2010 - Economic versus cultural differences Forms of eth.pdf:application/pdf;Snapshot:/home/gali/Zotero/storage/XXYACDZT/1A668817F0A20FE9FF613B2247654A0E.html:text/html}
}

@techreport{gerschenkron_economic_1962,
	title = {Economic backwardness in historical perspective: a book of essays},
	shorttitle = {Economic backwardness in historical perspective},
	urldate = {2017-08-16},
	institution = {Belknap Press of Harvard University Press Cambridge, MA},
	author = {Gerschenkron, Alexander},
	year = {1962},
	file = {[HTML] eh.net:/home/gali/Zotero/storage/ALRAHFD9/www.eh.net.html:text/html;Fulltext:/home/gali/Zotero/storage/9R7HTHLY/www.eh.net.html:text/html;Snapshot:/home/gali/Zotero/storage/CQ9VX3Z4/www.eh.net.html:text/html}
}

@book{oneill_decentralizing_2005,
	title = {Decentralizing the state: elections, parties, and local power in the {Andes}},
	shorttitle = {Decentralizing the state},
	publisher = {Cambridge University Press},
	author = {O'Neill, Kathleen},
	year = {2005},
	file = {Snapshot:/home/gali/Zotero/storage/MMMQASCJ/books.html:text/html}
}

@book{suleiman_dismantling_2013,
	title = {Dismantling democratic states},
	urldate = {2017-08-17},
	publisher = {Princeton University Press},
	author = {Suleiman, Ezra N.},
	year = {2013},
	file = {[HTML] princeton.edu:/home/gali/Zotero/storage/WG3TSXU3/i7657.html:text/html;Snapshot:/home/gali/Zotero/storage/JMIDUQ58/books.html:text/html}
}

@article{sellers_decentralization_2007,
	title = {Decentralization, local government, and the welfare state},
	volume = {20},
	number = {4},
	urldate = {2017-08-16},
	journal = {Governance},
	author = {Sellers, Jefferey M. and Lidström, Anders},
	year = {2007},
	pages = {609--632},
	file = {[PDF] usc.edu:/home/gali/Zotero/storage/ZLM28CSH/Sellers and Lidström - 2007 - Decentralization, local government, and the welfar.pdf:application/pdf;Fulltext:/home/gali/Zotero/storage/IICUYFZX/Sellers and Lidström - 2007 - Decentralization, local government, and the welfar.pdf:application/pdf;Snapshot:/home/gali/Zotero/storage/XT6AI3H4/Sellers and Lidström - 2007 - Decentralization, local government, and the welfar:;Snapshot:/home/gali/Zotero/storage/9MT6WBYU/full.html:text/html}
}

@article{faguet_does_2004,
	title = {Does decentralization increase government responsiveness to local needs?: {Evidence} from {Bolivia}},
	volume = {88},
	number = {3},
	journal = {Journal of public economics},
	author = {Faguet, Jean-Paul},
	year = {2004},
	pages = {867--893}
}

@article{sen_democracy_1999,
	title = {Democracy as a universal value},
	volume = {10},
	number = {3},
	urldate = {2017-08-16},
	journal = {Journal of democracy},
	author = {Sen, Amartya Kumar},
	year = {1999},
	pages = {3--17},
	file = {[HTML] jhu.edu:/home/gali/Zotero/storage/U6PYGTR9/16979.html:text/html;Snapshot:/home/gali/Zotero/storage/F7RZYMB4/summary.html:text/html}
}

@article{pepinsky_bureaucracy_2017,
	title = {Bureaucracy and service delivery},
	volume = {20},
	journal = {Annual Review of Political Science},
	author = {Pepinsky, Thomas B. and Pierskalla, Jan H. and Sacks, Audrey},
	year = {2017},
	pages = {249--268},
	file = {Snapshot:/home/gali/Zotero/storage/CV2JQCSC/annurev-polisci-051215-022705.html:text/html}
}

@book{falleti_decentralization_2010,
	title = {Decentralization and subnational politics in {Latin} {America}},
	urldate = {2017-10-06},
	publisher = {Cambridge University Press},
	author = {Falleti, Tulia G.},
	year = {2010},
	file = {Fulltext:/home/gali/Zotero/storage/QNTJBA36/Falleti - 2010 - Decentralization and subnational politics in Latin.pdf:application/pdf;Snapshot:/home/gali/Zotero/storage/N23D9T4C/books.html:text/html;Snapshot:/home/gali/Zotero/storage/KTT4GFJK/books.html:text/html}
}

@article{oneill_decentralization_2003,
	title = {Decentralization as an electoral strategy},
	volume = {36},
	number = {9},
	urldate = {2017-10-06},
	journal = {Comparative Political Studies},
	author = {O'Neill, Kathleen},
	year = {2003},
	pages = {1068--1091},
	file = {Fulltext:/home/gali/Zotero/storage/HUMR829W/O'neill - 2003 - Decentralization as an electoral strategy.pdf:application/pdf;Snapshot:/home/gali/Zotero/storage/AINY2IFR/0010414003257098.html:text/html;Snapshot:/home/gali/Zotero/storage/7254IU25/0010414003257098.html:text/html}
}

@article{liaw_classification_2002,
	title = {Classification and regression by {randomForest}},
	volume = {2},
	number = {3},
	urldate = {2017-08-23},
	journal = {R news},
	author = {Liaw, Andy and Wiener, Matthew and {others}},
	year = {2002},
	pages = {18--22},
	file = {[PDF] researchgate.net:/home/gali/Zotero/storage/2CHRCZ44/Liaw et al. - 2002 - Classification and regression by randomForest.pdf:application/pdf}
}

@article{pereira_da_1996,
	title = {Da administração pública burocrática à gerencial},
	volume = {47},
	number = {1},
	journal = {Revista do Serviço público},
	author = {Pereira, Luiz Carlos Bresser},
	year = {1996},
	pages = {7},
	file = {Fulltext:/home/gali/Zotero/storage/G6J3NGQK/1916631137.html:text/html;Fulltext:/home/gali/Zotero/storage/6E68QYJ5/1916631137.html:text/html;Snapshot:/home/gali/Zotero/storage/VXRUWF6L/1916631137.html:text/html;Snapshot:/home/gali/Zotero/storage/VQ4YHJ7M/1916631137.html:text/html}
}

@book{de_la_o_crafting_2015,
	title = {Crafting {Policies} to {End} {Poverty} in {Latin} {America}},
	urldate = {2017-08-20},
	publisher = {Cambridge University Press},
	author = {De La O, Ana Lorena},
	year = {2015},
	file = {Snapshot:/home/gali/Zotero/storage/AAQ47QUS/books.html:text/html}
}

@book{frieden_debt_1991,
	title = {Debt, development, and democracy: modern political economy and {Latin} {America}, 1965-1985},
	isbn = {0-691-00399-8},
	publisher = {Princeton University Press},
	author = {Frieden, Jeffry A.},
	year = {1991}
}

@article{imai_covariate_2014,
	title = {Covariate balancing propensity score},
	volume = {76},
	number = {1},
	urldate = {2017-08-23},
	journal = {Journal of the Royal Statistical Society: Series B (Statistical Methodology)},
	author = {Imai, Kosuke and Ratkovic, Marc},
	year = {2014},
	pages = {243--263},
	file = {[PDF] amstat.org:/home/gali/Zotero/storage/9Y65ZFPR/Imai and Ratkovic - 2014 - Covariate balancing propensity score.pdf:application/pdf;[PDF] amstat.org:/home/gali/Zotero/storage/D5B5PLUS/Imai and Ratkovic - 2014 - Covariate balancing propensity score.pdf:application/pdf;[PDF] amstat.org:/home/gali/Zotero/storage/RZ3NHSVN/Imai and Ratkovic - 2014 - Covariate balancing propensity score.pdf:application/pdf;Snapshot:/home/gali/Zotero/storage/F7LK7DVJ/full.html:text/html;Snapshot:/home/gali/Zotero/storage/6M9LVWFG/full.html:text/html;Snapshot:/home/gali/Zotero/storage/V4KIAMVB/full.html:text/html}
}

@article{fong_covariate_2017,
	title = {Covariate {Balancing} {Propensity} {Score} for a {Continuous} {Treatment}: {Application} to the {Efficacy} of {Political} {Advertisements}},
	shorttitle = {Covariate {Balancing} {Propensity} {Score} for a {Continuous} {Treatment}},
	url = {http://imai.princeton.edu/research/files/CBGPS.pdf},
	urldate = {2017-08-23},
	author = {Fong, Christian and Hazlett, Chad and Imai, Kosuke},
	year = {2017},
	file = {[PDF] princeton.edu:/home/gali/Zotero/storage/QF6SYAV8/Fong et al. - 2017 - Covariate Balancing Propensity Score for a Continu.pdf:application/pdf;[PDF] princeton.edu:/home/gali/Zotero/storage/RA6PMK3H/Fong et al. - 2017 - Covariate Balancing Propensity Score for a Continu.pdf:application/pdf;[PDF] princeton.edu:/home/gali/Zotero/storage/UX2DLJPH/Fong et al. - 2017 - Covariate Balancing Propensity Score for a Continu.pdf:application/pdf}
}

@book{yashar_contesting_2005,
	title = {Contesting citizenship in {Latin} {America}: {The} rise of indigenous movements and the postliberal challenge},
	isbn = {1-139-44380-1},
	publisher = {Cambridge University Press},
	author = {Yashar, Deborah J.},
	year = {2005},
	file = {Fulltext:/home/gali/Zotero/storage/92DUXE5W/Yashar - 2005 - Contesting citizenship in Latin America The rise .pdf:application/pdf;Snapshot:/home/gali/Zotero/storage/RAQ2NV94/books.html:text/html}
}

@article{hainmueller_causal_2013,
	title = {Causal inference in conjoint analysis: {Understanding} multidimensional choices via stated preference experiments},
	volume = {22},
	shorttitle = {Causal inference in conjoint analysis},
	number = {1},
	journal = {Political Analysis},
	author = {Hainmueller, Jens and Hopkins, Daniel J. and Yamamoto, Teppei},
	year = {2013},
	pages = {1--30},
	file = {Fulltext:/home/gali/Zotero/storage/SNQEPGG3/political-analysis.html:text/html;Fulltext:/home/gali/Zotero/storage/P2XQKD4F/political-analysis.html:text/html;Snapshot:/home/gali/Zotero/storage/FTPDI4BJ/political-analysis.html:text/html;Snapshot:/home/gali/Zotero/storage/3WTSDNR6/political-analysis.html:text/html}
}

@book{tilly_coercion_1992,
	title = {Coercion, {Capital}, and {European} states, {AD} 990-1990},
	publisher = {Oxford Blackwell},
	author = {Tilly, Charles},
	year = {1992},
	file = {Snapshot:/home/gali/Zotero/storage/MKW9BNYP/25207.html:text/html}
}

@article{cardoso_jr_burocracia_2011,
	title = {Burocracia e {Ocupação} no {Setor} {Público} {Brasileiro}-{IPEA}-{Diálogos} para o {Desenvolvimento}-{Volume} 5},
	urldate = {2017-08-19},
	author = {Cardoso Jr, José Celso and Lameirão, Camila and Santos, José Carlos dos and Britto, Marcelo Almeida de and Nogueira, Roberto Passos and {others}},
	year = {2011},
	file = {Snapshot:/home/gali/Zotero/storage/6E4C4FJS/482.html:text/html}
}

@article{evans_bureaucracy_1999,
	title = {Bureaucracy and growth: {A} cross-national analysis of the effects of" {Weberian}" state structures on economic growth},
	shorttitle = {Bureaucracy and growth},
	journal = {American sociological review},
	author = {Evans, Peter and Rauch, James E.},
	year = {1999},
	pages = {748--765},
	file = {Snapshot:/home/gali/Zotero/storage/75KCSBNJ/2657374.html:text/html}
}

@book{lieberman_boundaries_2009,
	title = {Boundaries of contagion: {How} ethnic politics have shaped government responses to {AIDS}},
	shorttitle = {Boundaries of contagion},
	publisher = {Princeton University Press},
	author = {Lieberman, Evan S.},
	year = {2009},
	file = {Fulltext:/home/gali/Zotero/storage/MWET7V2V/Lieberman - 2009 - Boundaries of contagion How ethnic politics have .pdf:application/pdf;Snapshot:/home/gali/Zotero/storage/65XR3VF8/books.html:text/html}
}

@article{centeno_blood_1997,
	title = {Blood and debt: {War} and taxation in nineteenth-century {Latin} {America}},
	volume = {102},
	shorttitle = {Blood and debt},
	number = {6},
	journal = {American Journal of sociology},
	author = {Centeno, Miguel Angel},
	year = {1997},
	pages = {1565--1605},
	file = {Snapshot:/home/gali/Zotero/storage/SAQQ8UJL/231127.html:text/html}
}

@article{tiebout_pure_1956,
	title = {A pure theory of local expenditures},
	volume = {64},
	number = {5},
	journal = {Journal of political economy},
	author = {Tiebout, Charles M.},
	year = {1956},
	pages = {416--424},
	file = {Fulltext:/home/gali/Zotero/storage/BWNIVQJM/Tiebout - 1956 - A pure theory of local expenditures.pdf:application/pdf;Fulltext:/home/gali/Zotero/storage/YVPLWAZF/Tiebout - 1956 - A pure theory of local expenditures.pdf:application/pdf;Snapshot:/home/gali/Zotero/storage/SKMFFPDA/Tiebout - 1956 - A pure theory of local expenditures.pdf:application/pdf;Snapshot:/home/gali/Zotero/storage/QW4GQS5M/Tiebout - 1956 - A pure theory of local expenditures.pdf:application/pdf}
}

@book{amsden_asias_1992,
	title = {Asia's next giant: {South} {Korea} and late industrialization},
	shorttitle = {Asia's next giant},
	urldate = {2017-08-17},
	publisher = {Oxford University Press on Demand},
	author = {Amsden, Alice Hoffenberg},
	year = {1992}
}

@article{falleti_sequential_2005,
	title = {A sequential theory of decentralization: {Latin} {American} cases in comparative perspective},
	volume = {99},
	shorttitle = {A sequential theory of decentralization},
	number = {3},
	journal = {American Political Science Review},
	author = {Falleti, Tulia G.},
	year = {2005},
	pages = {327--346},
	file = {Fulltext:/home/gali/Zotero/storage/QN6FQIGZ/Falleti - 2005 - A sequential theory of decentralization Latin Ame.pdf:application/pdf;Snapshot:/home/gali/Zotero/storage/JFT2HEW6/872938B9498E62BC420B15C377F1BB7D.txt:text/plain}
}

@article{shah_balance_1999,
	title = {Balance, accountability, and responsiveness: lessons about decentralization},
	author = {Shah, Anwar},
	year = {1999},
	file = {Snapshot:/home/gali/Zotero/storage/VSPJQAM8/papers.html:text/html}
}

@book{tsai_accountability_2007,
	title = {Accountability without democracy: {Solidary} groups and public goods provision in rural {China}},
	shorttitle = {Accountability without democracy},
	urldate = {2017-08-15},
	publisher = {Cambridge University Press},
	author = {Tsai, Lily L.},
	year = {2007},
	file = {[PDF] langtoninfo.co.uk:/home/gali/Zotero/storage/AQBV5VRL/Tsai - 2007 - Accountability without democracy Solidary groups .pdf:application/pdf;Snapshot:/home/gali/Zotero/storage/C4KXUGUX/books.html:text/html}
}

@book{van_de_walle_african_2001,
	title = {African economies and the politics of permanent crisis, 1979-1999},
	urldate = {2017-08-19},
	publisher = {Cambridge University Press},
	author = {Van de Walle, Nicolas},
	year = {2001},
	file = {Snapshot:/home/gali/Zotero/storage/NK8XULRJ/books.html:text/html}
}

@article{pires_burocracia_2018,
	title = {Burocracia e políticas públicas no {Brasil}: interseções analíticas},
	shorttitle = {Burocracia e políticas públicas no {Brasil}},
	author = {Pires, Roberto Organizador and Lotta, Gabriela Organizadora and de Oliveira, Elias},
	year = {2018},
	file = {Fulltext:/home/gali/Zotero/storage/QVDBMI9P/Pires et al. - 2018 - Burocracia e políticas públicas no Brasil interse.pdf:application/pdf;Snapshot:/home/gali/Zotero/storage/LHT5VGFK/3247.html:text/html}
}

@article{cavalcante_burocracia_2015,
	title = {Burocracia de médio escalão: perfil, trajetória e atuação},
	shorttitle = {Burocracia de médio escalão},
	author = {Cavalcante, Pedro Organizador and Lotta, Gabriela Organizador},
	year = {2015},
	file = {Fulltext:/home/gali/Zotero/storage/L47TMN8E/Cavalcante and Lotta - 2015 - Burocracia de médio escalão perfil, trajetória e .pdf:application/pdf;Snapshot:/home/gali/Zotero/storage/VER2EBXM/2063.html:text/html}
}

@phdthesis{lotta_implementacao_2010,
	type = {{PhD} {Thesis}},
	title = {Implementação de políticas públicas: o impacto dos fatores relacionais e organizacionais sobre a atuação dos burocratas de nível de rua no {Programa} {Saúde} da {Família}},
	shorttitle = {Implementação de políticas públicas},
	school = {Universidade de São Paulo},
	author = {Lotta, Gabriela Spanghero},
	year = {2010},
	file = {Fulltext:/home/gali/Zotero/storage/4IM4ZR3A/Lotta - 2010 - Implementação de políticas públicas o impacto dos.pdf:application/pdf;Snapshot:/home/gali/Zotero/storage/UHEZY85I/en.html:text/html}
}

@book{loureiro_burocracia_2010,
	title = {Burocracia e política no {Brasil}: desafios para a ordem democrática no século {XXI}},
	shorttitle = {Burocracia e política no {Brasil}},
	publisher = {FGV Editora},
	author = {Loureiro, Maria Rita Garcia and Abrucio, Fernando Luiz and Pacheco, Regina Silvia},
	year = {2010}
}

@article{loureiro_politica_1999,
	title = {Política e burocracia no presidencialismo brasileiro: o papel do {Ministério} da {Fazenda} no primeiro governo {Fernando} {Henrique} {Cardoso}},
	volume = {14},
	shorttitle = {Política e burocracia no presidencialismo brasileiro},
	number = {41},
	journal = {Revista Brasileira de Ciências Sociais},
	author = {Loureiro, Maria Rita and Abrucio, Fernando Luiz},
	year = {1999},
	pages = {69--89},
	file = {Fulltext:/home/gali/Zotero/storage/AQKZMVUM/Loureiro and Abrucio - 1999 - Política e burocracia no presidencialismo brasilei.pdf:application/pdf;Snapshot:/home/gali/Zotero/storage/3DICB7EZ/Loureiro and Abrucio - 1999 - Política e burocracia no presidencialismo brasilei.pdf:application/pdf}
}

@article{loureiro_radiografia_2014,
	title = {Radiografia da alta burocracia federal brasileira: o caso do {Ministério} da {Fazenda}},
	volume = {49},
	shorttitle = {Radiografia da alta burocracia federal brasileira},
	number = {4},
	journal = {Revista do serviço público},
	author = {Loureiro, Maria Rita and Abrucio, Fernando Luiz and Rosa, Carlos Alberto},
	year = {2014},
	pages = {46--82},
	file = {Fulltext:/home/gali/Zotero/storage/NEJPFXYC/Loureiro et al. - 2014 - Radiografia da alta burocracia federal brasileira.pdf:application/pdf;Snapshot:/home/gali/Zotero/storage/ULVQ62QS/400.html:text/html}
}

@article{dantas_eleicoes_2013,
	title = {Eleições municipais 2012 e o padrão de coligação entre os partidos para a disputa de prefeituras},
	journal = {Cadernos Adenauer},
	author = {Dantas, Humberto},
	year = {2013}
}

@article{dantas_coligacoes_2009,
	title = {Coligações nas eleições municipais de 2000 a 2008: a força dos partidos dos governadores},
	shorttitle = {Coligações nas eleições municipais de 2000 a 2008},
	number = {6},
	journal = {Revista On-Line Liberdade e Cidadania. Ano II},
	author = {Dantas, Humberto},
	year = {2009},
	pages = {1--15},
	file = {Fulltext:/home/gali/Zotero/storage/XL2V8YPM/Dantas - 2009 - Coligações nas eleições municipais de 2000 a 2008.pdf:application/pdf;Snapshot:/home/gali/Zotero/storage/9V94QQFL/Dantas - 2009 - Coligações nas eleições municipais de 2000 a 2008.pdf:application/pdf}
}

@book{de_lima_junior_os_1983,
	title = {Os partidos políticos brasileiros: a experiência federal e regional, 1945-1964},
	shorttitle = {Os partidos políticos brasileiros},
	number = {24},
	publisher = {Graal},
	author = {de Lima Júnior, Olavo Brasil},
	year = {1983}
}

@article{stinebrickner_empirical_1998,
	title = {An empirical investigation of teacher attrition},
	volume = {17},
	number = {2},
	journal = {Economics of education review},
	author = {Stinebrickner, Todd R.},
	year = {1998},
	pages = {127--136},
	file = {Fulltext:/home/gali/Zotero/storage/AECJLEBC/S027277579700023X.html:text/html;Snapshot:/home/gali/Zotero/storage/W6SVGEL7/S027277579700023X.html:text/html}
}

@article{eaton_teachers_2014,
	title = {Teachers, {Mayors}, and the {Transformation} {ofClientelism} in {Colombia}},
	journal = {Clientelism, social policy, and the quality of democracy},
	author = {Eaton, Kent and Chambers-Ju, Christopher},
	year = {2014},
	pages = {88},
	file = {Snapshot:/home/gali/Zotero/storage/EW7D76BY/books.html:text/html}
}

@article{campbell_development_2001,
	title = {The development of cognitive and academic abilities: growth curves from an early childhood educational experiment.},
	volume = {37},
	shorttitle = {The development of cognitive and academic abilities},
	number = {2},
	journal = {Developmental psychology},
	author = {Campbell, Frances A. and Pungello, Elizabeth P. and Miller-Johnson, Shari and Burchinal, Margaret and Ramey, Craig T.},
	year = {2001},
	pages = {231},
	file = {Fulltext:/home/gali/Zotero/storage/VR823S7R/2001-16718-007.html:text/html;Snapshot:/home/gali/Zotero/storage/ZTE2FZYB/2001-16718-007.html:text/html}
}

@book{silberman_cages_1993,
	title = {Cages of reason: the rise of the rational state in {France}, {Japan}, the {United} {States}, and {Great} {Britain}},
	shorttitle = {Cages of reason},
	publisher = {University of Chicago Press},
	author = {Silberman, Bernard S.},
	year = {1993},
	file = {Snapshot:/home/gali/Zotero/storage/DTX46RH2/books.html:text/html}
}

@book{gatti_professores_2009,
	title = {Professores do {Brasil}: impasses e desafios},
	shorttitle = {Professores do {Brasil}},
	publisher = {Unesco Representação no Brasil},
	author = {Gatti, Bernadette and de Sá Barretto, Elba Siqueira},
	year = {2009}
}

@article{gatti_formacao_2010,
	title = {Formação de professores no {Brasil}: características e problemas},
	volume = {31},
	shorttitle = {Formação de professores no {Brasil}},
	number = {113},
	journal = {Educação \& Sociedade},
	author = {Gatti, Bernardete A.},
	year = {2010},
	file = {Fulltext:/home/gali/Zotero/storage/NL3NIMP2/87315816016.html:text/html;Snapshot:/home/gali/Zotero/storage/SUX2H439/87315816016.html:text/html}
}

@article{coate_form_1995,
	title = {On the form of transfers to special interests},
	volume = {103},
	number = {6},
	journal = {Journal of political Economy},
	author = {Coate, Stephen and Morris, Stephen},
	year = {1995},
	pages = {1210--1235},
	file = {Fulltext:/home/gali/Zotero/storage/RENUU84W/Coate and Morris - 1995 - On the form of transfers to special interests.pdf:application/pdf;Snapshot:/home/gali/Zotero/storage/LC4F3RUB/601449.html:text/html}
}

@techreport{besley_incumbent_1992,
	title = {Incumbent behavior: {Vote} seeking, tax setting and yardstick competition},
	shorttitle = {Incumbent behavior},
	institution = {National bureau of economic research},
	author = {Besley, Timothy and Case, Anne},
	year = {1992},
	file = {Fulltext:/home/gali/Zotero/storage/QZQY9CPT/Besley and Case - 1992 - Incumbent behavior Vote seeking, tax setting and .pdf:application/pdf;Snapshot:/home/gali/Zotero/storage/ACCNMP8M/w4041.html:text/html}
}

@article{ferraz_electoral_2011,
	title = {Electoral accountability and corruption: {Evidence} from the audits of local governments},
	volume = {101},
	shorttitle = {Electoral accountability and corruption},
	number = {4},
	journal = {American Economic Review},
	author = {Ferraz, Claudio and Finan, Frederico},
	year = {2011},
	pages = {1274--1311},
	file = {Fulltext:/home/gali/Zotero/storage/I2Z2AYQY/Ferraz and Finan - 2011 - Electoral accountability and corruption Evidence .pdf:application/pdf;Snapshot:/home/gali/Zotero/storage/MEKE83PD/articles.html:text/html}
}

@book{besley_principled_2006,
	title = {Principled agents?: {The} political economy of good government},
	shorttitle = {Principled agents?},
	publisher = {Oxford University Press on Demand},
	author = {Besley, Timothy},
	year = {2006},
	file = {Snapshot:/home/gali/Zotero/storage/2EDNDQBQ/books.html:text/html}
}

@article{barro_control_1973,
	title = {The control of politicians: an economic model},
	volume = {14},
	shorttitle = {The control of politicians},
	number = {1},
	journal = {Public choice},
	author = {Barro, Robert J.},
	year = {1973},
	pages = {19--42},
	file = {Fulltext:/home/gali/Zotero/storage/WE3WU24R/Barro - 1973 - The control of politicians an economic model.pdf:application/pdf;Snapshot:/home/gali/Zotero/storage/R8RD93XU/Barro - 1973 - The control of politicians an economic model.pdf:application/pdf}
}

@article{ashworth_delivering_2006,
	title = {Delivering the goods: {Legislative} particularism in different electoral and institutional settings},
	volume = {68},
	shorttitle = {Delivering the goods},
	number = {1},
	journal = {The Journal of Politics},
	author = {Ashworth, Scott and Mesquita, Ethan Bueno de},
	year = {2006},
	pages = {168--179},
	file = {Fulltext:/home/gali/Zotero/storage/KUPVW6QV/j.1468-2508.2006.00378.html:text/html;Snapshot:/home/gali/Zotero/storage/QMTUCIMJ/j.1468-2508.2006.00378.html:text/html}
}

@article{ashworth_electoral_2008,
	title = {Electoral selection, strategic challenger entry, and the incumbency advantage},
	volume = {70},
	number = {4},
	journal = {The Journal of Politics},
	author = {Ashworth, Scott and Bueno de Mesquita, Ethan},
	year = {2008},
	pages = {1006--1025},
	file = {Fulltext:/home/gali/Zotero/storage/8XF2JSCL/S0022381608081024.html:text/html;Snapshot:/home/gali/Zotero/storage/RG5WAEJ6/S0022381608081024.html:text/html}
}

@book{persson_political_2002,
	title = {Political economics: explaining economic policy},
	shorttitle = {Political economics},
	publisher = {MIT press},
	author = {Persson, Torsten and Tabellini, Guido Enrico},
	year = {2002},
	file = {Fulltext:/home/gali/Zotero/storage/5VXZRT23/Persson and Tabellini - 2002 - Political economics explaining economic policy.pdf:application/pdf;Snapshot:/home/gali/Zotero/storage/YG5XPTDD/books.html:text/html}
}

@article{sieg_estimating_2017,
	title = {Estimating dynamic games of electoral competition to evaluate term limits in us gubernatorial elections},
	volume = {107},
	number = {7},
	journal = {American Economic Review},
	author = {Sieg, Holger and Yoon, Chamna},
	year = {2017},
	pages = {1824--57},
	file = {Fulltext:/home/gali/Zotero/storage/HI95VAE9/Sieg and Yoon - 2017 - Estimating dynamic games of electoral competition .pdf:application/pdf;Snapshot:/home/gali/Zotero/storage/7MXRBMEC/articles.html:text/html}
}

@article{gailmard_slackers_2007,
	title = {Slackers and zealots: {Civil} service, policy discretion, and bureaucratic expertise},
	volume = {51},
	shorttitle = {Slackers and zealots},
	number = {4},
	journal = {American Journal of Political Science},
	author = {Gailmard, Sean and Patty, John W.},
	year = {2007},
	pages = {873--889},
	file = {Fulltext:/home/gali/Zotero/storage/5RRIDKQV/Gailmard and Patty - 2007 - Slackers and zealots Civil service, policy discre.pdf:application/pdf;Snapshot:/home/gali/Zotero/storage/TTY4CHH5/j.1540-5907.2007.00286.html:text/html}
}

@article{alonso_optimal_2008,
	title = {Optimal delegation},
	volume = {75},
	number = {1},
	journal = {The Review of Economic Studies},
	author = {Alonso, Ricardo and Matouschek, Niko},
	year = {2008},
	pages = {259--293},
	file = {Fulltext:/home/gali/Zotero/storage/RP79BTBA/1628872.html:text/html;Snapshot:/home/gali/Zotero/storage/MNRLMB6R/1628872.html:text/html}
}

@article{abadie_synthetic_2010,
	title = {Synthetic control methods for comparative case studies: {Estimating} the effect of {California}’s tobacco control program},
	volume = {105},
	shorttitle = {Synthetic control methods for comparative case studies},
	number = {490},
	journal = {Journal of the American statistical Association},
	author = {Abadie, Alberto and Diamond, Alexis and Hainmueller, Jens},
	year = {2010},
	pages = {493--505},
	file = {Snapshot:/home/gali/Zotero/storage/GPGG63NK/jasa.2009.html:text/html}
}

@article{morgan_central-city/suburban_1999,
	title = {Central-city/suburban inequality and metropolitan political fragmentation},
	volume = {34},
	number = {4},
	journal = {Urban Affairs Review},
	author = {Morgan, David R. and Mareschal, Patrice},
	year = {1999},
	pages = {578--595},
	file = {Snapshot:/home/gali/Zotero/storage/Q3HJ4Z85/107808749903400403.html:text/html}
}

@article{schneider_effects_1982,
	title = {The effects of local government finances on community growth rates: a test of the tiebout model},
	volume = {18},
	shorttitle = {The effects of local government finances on community growth rates},
	number = {1},
	journal = {Urban Affairs Quarterly},
	author = {Schneider, Mark and Logan, John R.},
	year = {1982},
	pages = {91--105},
	file = {Snapshot:/home/gali/Zotero/storage/VJE9XEPD/004208168201800108.html:text/html}
}

@article{schneider_suburban_1982,
	title = {Suburban {Racial} {Segregation} and {Black} {Access} to {Local} {Public} {Resource}},
	volume = {63},
	number = {4},
	journal = {Social Science Quarterly},
	author = {Schneider, Mark and Logan, John R.},
	year = {1982},
	pages = {762},
	file = {Fulltext:/home/gali/Zotero/storage/LVL5RY6K/1291641588.html:text/html;Snapshot:/home/gali/Zotero/storage/YRXCXHFS/1291641588.html:text/html}
}

@article{oates_fiscal_1972,
	title = {Fiscal federalism},
	journal = {Books},
	author = {Oates, Wallace E.},
	year = {1972},
	file = {Snapshot:/home/gali/Zotero/storage/VJBLDCQ5/14708.html:text/html}
}

@article{oates_fiscal_1993,
	title = {Fiscal decentralization and economic development},
	volume = {46},
	number = {2},
	journal = {National tax journal},
	author = {Oates, Wallace E.},
	year = {1993},
	pages = {237--243},
	file = {Snapshot:/home/gali/Zotero/storage/WK9KK5NV/41789013.html:text/html}
}

@book{arretche_trajetorias_2015,
	title = {Trajetórias das desigualdades: como o {Brasil} mudou nos últimos cinquenta anos},
	shorttitle = {Trajetórias das desigualdades},
	publisher = {São Paulo: Editora Unesp},
	author = {Arretche, Marta},
	year = {2015}
}

@article{hollibaugh_presidents_2014,
	title = {Presidents and patronage},
	volume = {58},
	number = {4},
	journal = {American Journal of Political Science},
	author = {Hollibaugh, Gary E. and Horton, Gabriel and Lewis, David E.},
	year = {2014},
	pages = {1024--1042},
	file = {Fulltext:/home/gali/Zotero/storage/TRZW5R7T/Hollibaugh et al. - 2014 - Presidents and patronage.pdf:application/pdf;Snapshot:/home/gali/Zotero/storage/QXM97T8R/Hollibaugh et al. - 2014 - Presidents and patronage:}
}

@article{brollo_what_2016,
	title = {What happens when a woman wins an election? {Evidence} from close races in {Brazil}},
	volume = {122},
	shorttitle = {What happens when a woman wins an election?},
	journal = {Journal of Development Economics},
	author = {Brollo, Fernanda and Troiano, Ugo},
	year = {2016},
	pages = {28--45},
	file = {Fulltext:/home/gali/Zotero/storage/FYEVHWKM/Brollo and Troiano - 2016 - What happens when a woman wins an election Eviden.pdf:application/pdf;Snapshot:/home/gali/Zotero/storage/EK3DKIZD/S0304387816300244.html:text/html}
}

@article{klasnja_incumbency_2017,
	title = {The incumbency curse: weak parties, term limits, and unfulfilled accountability},
	volume = {111},
	shorttitle = {The incumbency curse},
	number = {1},
	journal = {American Political Science Review},
	author = {Klašnja, Marko and Titiunik, Rocio},
	year = {2017},
	pages = {129--148},
	file = {Fulltext:/home/gali/Zotero/storage/9AAP8FWM/Klašnja and Titiunik - 2017 - The incumbency curse weak parties, term limits, a.pdf:application/pdf;Snapshot:/home/gali/Zotero/storage/JSUPHMAJ/9A39B53A1B8A5AD1925DC2C2D50D33CE.html:text/html}
}

@article{folke_patronage_2011,
	title = {Patronage and elections in {US} states},
	volume = {105},
	number = {3},
	journal = {American Political Science Review},
	author = {Folke, Olle and Hirano, Shigeo and Snyder, James M.},
	year = {2011},
	pages = {567--585},
	file = {Fulltext:/home/gali/Zotero/storage/IPWNN6IS/Folke et al. - 2011 - Patronage and elections in US states.pdf:application/pdf;Snapshot:/home/gali/Zotero/storage/SUFJDVPM/EA21B4A006D843E6B9FA944F9F2B1197.html:text/html}
}

@techreport{raffler_does_2016,
	title = {Does political oversight of the bureaucracy increase accountability? {Field} experimental evidence from an electoral autocracy},
	shorttitle = {Does political oversight of the bureaucracy increase accountability?},
	institution = {Working paper, Yale University},
	author = {Raffler, Pia},
	year = {2016},
	file = {Fulltext:/home/gali/Zotero/storage/I9DF96E3/Raffler - 2016 - Does political oversight of the bureaucracy increa.pdf:application/pdf;Snapshot:/home/gali/Zotero/storage/MD38SYX6/Raffler - 2016 - Does political oversight of the bureaucracy increa.pdf:application/pdf}
}

@article{williams_political_2017,
	title = {The {Political} {Economy} of {Unfinished} {Development} {Projects}: {Corruption}, {Clientelism}, or {Collective} {Choice}?},
	volume = {111},
	shorttitle = {The {Political} {Economy} of {Unfinished} {Development} {Projects}},
	number = {4},
	journal = {American Political Science Review},
	author = {Williams, Martin J.},
	year = {2017},
	pages = {705--723},
	file = {Fulltext:/home/gali/Zotero/storage/Q2N4XDQN/Williams - 2017 - The Political Economy of Unfinished Development Pr.pdf:application/pdf;Snapshot:/home/gali/Zotero/storage/53SXRUJB/1351C9A6EB64B39B0D3A2B0A2D748412.html:text/html}
}

@article{hoffman_lopsided_2003,
	title = {The lopsided continent: inequality in {Latin} {America}},
	volume = {29},
	shorttitle = {The lopsided continent},
	number = {1},
	journal = {Annual Review of Sociology},
	author = {Hoffman, Kelly and Centeno, Miguel Angel},
	year = {2003},
	pages = {363--390},
	file = {Snapshot:/home/gali/Zotero/storage/LA7S27SW/annurev.soc.29.010202.html:text/html}
}

@article{banfield_moral_1967,
	title = {The moral basis of a backward society.},
	author = {Banfield, Edward C.},
	year = {1967},
	file = {Snapshot:/home/gali/Zotero/storage/8YNCHKDF/1969-06784-000.html:text/html}
}

@article{magaloni_clientelism_2007,
	title = {Clientelism and portfolio diversification: a model of electoral investment with applications to {Mexico}},
	shorttitle = {Clientelism and portfolio diversification},
	journal = {Patrons, clients, and policies: Patterns of democratic accountability and political competition},
	author = {Magaloni, Beatriz and Diaz-Cayeros, Alberto and Estévez, Federico},
	year = {2007},
	pages = {182--205}
}

@article{grzymala-busse_beyond_2008,
	title = {Beyond clientelism: {Incumbent} state capture and state formation},
	volume = {41},
	shorttitle = {Beyond clientelism},
	number = {4-5},
	journal = {Comparative political studies},
	author = {Grzymala-Busse, Anna},
	year = {2008},
	pages = {638--673},
	file = {Fulltext:/home/gali/Zotero/storage/LUM6XBA3/Grzymala-Busse - 2008 - Beyond clientelism Incumbent state capture and st.pdf:application/pdf}
}

@book{boix_democracy_2003,
	title = {Democracy and redistribution},
	publisher = {Cambridge University Press},
	author = {Boix, Carles},
	year = {2003},
	file = {Fulltext:/home/gali/Zotero/storage/U9HEIBJM/Boix - 2003 - Democracy and redistribution.pdf:application/pdf;Snapshot:/home/gali/Zotero/storage/GXM9LU4N/books.html:text/html}
}

@article{robinson_political_2013,
	title = {The political economy of clientelism},
	volume = {115},
	number = {2},
	journal = {The Scandinavian Journal of Economics},
	author = {Robinson, James A. and Verdier, Thierry},
	year = {2013},
	pages = {260--291},
	file = {Fulltext:/home/gali/Zotero/storage/S5QHCCES/Robinson and Verdier - 2013 - The political economy of clientelism.pdf:application/pdf;Snapshot:/home/gali/Zotero/storage/6R8CTY9R/Robinson and Verdier - 2013 - The political economy of clientelism:}
}

@book{kitschelt_patrons_2007,
	title = {Patrons, clients and policies: {Patterns} of democratic accountability and political competition},
	shorttitle = {Patrons, clients and policies},
	publisher = {Cambridge University Press},
	author = {Kitschelt, Herbert and Wilkinson, Steven I.},
	year = {2007},
	file = {Snapshot:/home/gali/Zotero/storage/RFHVQZBA/books.html:text/html}
}

@techreport{finan_personnel_2015,
	title = {The personnel economics of the state},
	institution = {National Bureau of Economic Research},
	author = {Finan, Frederico and Olken, Benjamin A. and Pande, Rohini},
	year = {2015},
	file = {Fulltext:/home/gali/Zotero/storage/LPRQF3GW/Finan et al. - 2015 - The personnel economics of the state.pdf:application/pdf;Snapshot:/home/gali/Zotero/storage/QGZYKVQB/w21825.html:text/html}
}

@article{hainmueller_hidden_2015,
	title = {The hidden {American} immigration consensus: {A} conjoint analysis of attitudes toward immigrants},
	volume = {59},
	shorttitle = {The hidden {American} immigration consensus},
	number = {3},
	journal = {American Journal of Political Science},
	author = {Hainmueller, Jens and Hopkins, Daniel J.},
	year = {2015},
	pages = {529--548},
	file = {Fulltext:/home/gali/Zotero/storage/5N4KL4PS/Hainmueller and Hopkins - 2015 - The hidden American immigration consensus A conjo.pdf:application/pdf;Snapshot:/home/gali/Zotero/storage/DIW6VIFM/Hainmueller and Hopkins - 2015 - The hidden American immigration consensus A conjo:}
}

@article{skocpol_bringing_1985,
	title = {Bringing the {State} {Back} {In}: {Strategies} of {Analysis} in {Current} {Research}},
	shorttitle = {Bringing the {State} {Back} {In}},
	author = {Skocpol, Theda},
	year = {1985},
	file = {Fulltext:/home/gali/Zotero/storage/D2L64GNP/Skocpol - 1. Bringing the State Back In Strategies of Analy.pdf:application/pdf;Snapshot:/home/gali/Zotero/storage/SWPPI5RV/Skocpol - 1. Bringing the State Back In Strategies of Analy.pdf:application/pdf}
}

@article{giraudy_unpacking_2017,
	title = {Unpacking the {State}’s {Uneven} {Territorial} {Reach}: {Evidence} from {Latin} {America}},
	shorttitle = {Unpacking the {State}’s {Uneven} {Territorial} {Reach}},
	journal = {States in the Developing World},
	author = {Giraudy, Agustina and Luna, Juan Pablo},
	year = {2017},
	pages = {85--108},
	file = {Snapshot:/home/gali/Zotero/storage/GTTPFYTF/books.html:text/html}
}

@article{holland_forbearance_2016,
	title = {Forbearance},
	volume = {110},
	number = {2},
	journal = {American Political Science Review},
	author = {Holland, Alisha C.},
	year = {2016},
	pages = {232--246},
	file = {Snapshot:/home/gali/Zotero/storage/CGW78SK6/3BE0D1D5085F962CE168D8891519AC60.html:text/html}
}

@article{keefer_clientelism_2007,
	title = {Clientelism, credibility, and the policy choices of young democracies},
	volume = {51},
	number = {4},
	journal = {American journal of political science},
	author = {Keefer, Philip},
	year = {2007},
	pages = {804--821},
	file = {Fulltext:/home/gali/Zotero/storage/NKASSAMH/Keefer - 2007 - Clientelism, credibility, and the policy choices o.pdf:application/pdf;Snapshot:/home/gali/Zotero/storage/9H9NXWPR/Keefer - 2007 - Clientelism, credibility, and the policy choices o:}
}

@article{wantchekon_clientelism_2003,
	title = {Clientelism and voting behavior: {Evidence} from a field experiment in {Benin}},
	volume = {55},
	shorttitle = {Clientelism and voting behavior},
	number = {3},
	journal = {World politics},
	author = {Wantchekon, Leonard},
	year = {2003},
	pages = {399--422},
	file = {Fulltext:/home/gali/Zotero/storage/P3RZ4KKV/45444.html:text/html;Snapshot:/home/gali/Zotero/storage/ACT5DNDP/3E386064D15E5E162AEDCEBECB32E8CB.html:text/html}
}

@book{min_power_2015,
	title = {Power and the {Vote}: {Elections} and {Electricity} in the {Developing} {World}},
	shorttitle = {Power and the {Vote}},
	publisher = {Cambridge University Press},
	author = {Min, Brian},
	year = {2015},
	file = {Snapshot:/home/gali/Zotero/storage/BU4F77SM/books.html:text/html}
}

@article{coatsworth_structures_2005,
	title = {Structures, endowments, and institutions in the economic history of {Latin} {America}},
	volume = {40},
	number = {3},
	journal = {Latin American Research Review},
	author = {Coatsworth, John H.},
	year = {2005},
	pages = {126--144},
	file = {Fulltext:/home/gali/Zotero/storage/78HES5AZ/189815.html:text/html;Snapshot:/home/gali/Zotero/storage/FBVR4XFN/summary.html:text/html}
}

@book{haggard_political_1995,
	title = {The political economy of democratic transitions},
	publisher = {Princeton University Press},
	author = {Haggard, Stephan and Kaufman, Robert R.},
	year = {1995},
	file = {Snapshot:/home/gali/Zotero/storage/KCURAKZH/books.html:text/html}
}

@misc{oecd_subnational_2016,
	title = {Subnational {Governments} around the world: {Structure} and finance},
	author = {OECD and UCLG},
	year = {2016}
}

@article{chaudhury_missing_2006,
	title = {Missing in action: teacher and health worker absence in developing countries},
	volume = {20},
	shorttitle = {Missing in action},
	number = {1},
	journal = {The Journal of Economic Perspectives},
	author = {Chaudhury, Nazmul and Hammer, Jeffrey and Kremer, Michael and Muralidharan, Karthik and Rogers, F. Halsey},
	year = {2006},
	pages = {91--116},
	file = {Fulltext:/home/gali/Zotero/storage/FBG7V25A/Chaudhury et al. - 2006 - Missing in action teacher and health worker absen.pdf:application/pdf}
}

@phdthesis{ferwerda_politics_2015,
	title = {The politics of proximity: local redistribution in developed democracies},
	shorttitle = {The politics of proximity},
	school = {Massachusetts Institute of Technology},
	author = {Ferwerda, Jeremy},
	year = {2015},
	file = {Fulltext:/home/gali/Zotero/storage/ZAKW56DL/Ferwerda - 2015 - The politics of proximity local redistribution in.pdf:application/pdf;Snapshot:/home/gali/Zotero/storage/253HRQJF/101809.html:text/html}
}

@article{gulzar_politicians_2017,
	title = {Politicians, bureaucrats, and development: {Evidence} from {India}},
	volume = {111},
	shorttitle = {Politicians, bureaucrats, and development},
	number = {1},
	journal = {American Political Science Review},
	author = {Gulzar, Saad and Pasquale, Benjamin J.},
	year = {2017},
	pages = {162--183},
	file = {Snapshot:/home/gali/Zotero/storage/DYX3I75X/130F6270702BDE2449BA4902C0FA1804.html:text/html}
}

@article{pierson_increasing_2000,
	title = {Increasing returns, path dependence, and the study of politics},
	volume = {94},
	number = {2},
	journal = {American political science review},
	author = {Pierson, Paul},
	year = {2000},
	pages = {251--267},
	file = {Fulltext:/home/gali/Zotero/storage/TB26QHBA/Pierson - 2000 - Increasing returns, path dependence, and the study.pdf:application/pdf;Snapshot:/home/gali/Zotero/storage/3H9WJNE6/AC2137B913363E33D97FC5CEC17CC75D.html:text/html}
}

@article{calvo_who_2004,
	title = {Who delivers? {Partisan} clients in the {Argentine} electoral market},
	volume = {48},
	shorttitle = {Who delivers?},
	number = {4},
	journal = {American Journal of Political Science},
	author = {Calvo, Ernesto and Murillo, Maria Victoria},
	year = {2004},
	pages = {742--757},
	file = {Fulltext:/home/gali/Zotero/storage/2Z7BDAT9/Calvo and Murillo - 2004 - Who delivers Partisan clients in the Argentine el.pdf:application/pdf;Snapshot:/home/gali/Zotero/storage/QHZB7QYF/Calvo and Murillo - 2004 - Who delivers Partisan clients in the Argentine el:}
}

@book{leal_coronelismo_2012,
	title = {Coronelismo, enxada e voto: o município e o regime representativo no {Brasil}},
	shorttitle = {Coronelismo, enxada e voto},
	publisher = {Editora Companhia das Letras},
	author = {Leal, Victor Nunes},
	year = {2012}
}

@article{hicken_clientelism_2011,
	title = {Clientelism},
	volume = {14},
	journal = {Annual Review of Political Science},
	author = {Hicken, Allen},
	year = {2011},
	pages = {289--310},
	file = {Snapshot:/home/gali/Zotero/storage/CJP6XAAW/annurev.polisci.031908.html:text/html}
}

@article{scott_patron-client_1972,
	title = {Patron-client politics and political change in {Southeast} {Asia}},
	volume = {66},
	number = {1},
	journal = {American Political Science Review},
	author = {Scott, James C.},
	year = {1972},
	pages = {91--113},
	file = {Snapshot:/home/gali/Zotero/storage/KMU97NKG/9C3056C8136F82FB98E0B2723D08F632.html:text/html}
}

@article{weingrod_patrons_1968,
	title = {Patrons, patronage, and political parties},
	volume = {10},
	number = {4},
	journal = {Comparative studies in Society and History},
	author = {Weingrod, Alex},
	year = {1968},
	pages = {377--400},
	file = {Snapshot:/home/gali/Zotero/storage/IFM8BGGH/53E772B76629BFB77548F1DDC2973FEC.html:text/html}
}

@book{mahoney_colonialism_2010,
	title = {Colonialism and postcolonial development: {Spanish} {America} in comparative perspective},
	shorttitle = {Colonialism and postcolonial development},
	publisher = {Cambridge University Press},
	author = {Mahoney, James},
	year = {2010},
	file = {Fulltext:/home/gali/Zotero/storage/TAG98UHF/Mahoney - 2010 - Colonialism and postcolonial development Spanish .pdf:application/pdf;Snapshot:/home/gali/Zotero/storage/XYS6YE7T/books.html:text/html}
}

@book{evans_bringing_1985,
	title = {Bringing the state back in},
	urldate = {2017-08-16},
	publisher = {Cambridge University Press},
	author = {Evans, Peter B. and Rueschemeyer, Dietrich and Skocpol, Theda},
	year = {1985}
}

@book{north_institutions_1990,
	title = {Institutions, institutional change and economic performance},
	publisher = {Cambridge university press},
	author = {North, Douglass C.},
	year = {1990},
	file = {Snapshot:/home/gali/Zotero/storage/9W4GNX7W/books.html:text/html}
}

@article{skocpol_bringing_1985-1,
	title = {Bringing the {State} {Back} {In}},
	author = {Skocpol, Theda and Evans, Peter and Rueschemeyer, Dietrich},
	year = {1985},
	file = {Snapshot:/home/gali/Zotero/storage/8VTDKC2S/bringing-state-back.html:text/html}
}

@book{schneider_reinventing_2003,
	title = {Reinventing {Leviathan}: the politics of administrative reform in developing countries},
	shorttitle = {Reinventing {Leviathan}},
	url = {https://www.rienner.com/title/Reinventing_Leviathan_The_Politics_of_Administrative_Reform_in_Developing_Countries},
	urldate = {2017-08-21},
	publisher = {North-South Center Press Miami, FL},
	author = {Schneider, Ben Ross and Heredia, Blanca},
	year = {2003},
	file = {Snapshot:/home/gali/Zotero/storage/EKYBJ79F/Reinventing_Leviathan_The_Politics_of_Administrative_Reform_in_Developing_Countries.html:text/html}
}

@article{francois_how_2015,
	title = {How is power shared in {Africa}?},
	volume = {83},
	number = {2},
	journal = {Econometrica},
	author = {Francois, Patrick and Rainer, Ilia and Trebbi, Francesco},
	year = {2015},
	pages = {465--503},
	file = {Snapshot:/home/gali/Zotero/storage/D8HJT2QG/ECTA11237.html:text/html}
}

@article{lopez_legislators_2017,
	title = {Legislators, {Fundseekers}, and {Paternalists}: {Political} {Representation} at the {Local} {Level}},
	volume = {25},
	shorttitle = {Legislators, {Fundseekers}, and {Paternalists}},
	number = {62},
	journal = {Revista de Sociologia e Política},
	author = {Lopez, Felix and Almeida, Acir},
	year = {2017},
	pages = {157--181},
	file = {Full Text:/home/gali/Zotero/storage/ZCGZKA3Y/scielo.html:text/html}
}

@article{diprete_multilevel_1994,
	title = {Multilevel models: methods and substance},
	volume = {20},
	shorttitle = {Multilevel models},
	number = {1},
	journal = {Annual review of sociology},
	author = {DiPrete, Thomas A. and Forristal, Jerry D.},
	year = {1994},
	pages = {331--357},
	file = {Full Text:/home/gali/Zotero/storage/XAXGU3AC/DiPrete and Forristal - 1994 - Multilevel models methods and substance.pdf:application/pdf;Snapshot:/home/gali/Zotero/storage/RC5TSPZK/annurev.so.20.080194.html:text/html}
}

@article{garner_neighborhood_1991,
	title = {Neighborhood effects on educational attainment: {A} multilevel analysis},
	shorttitle = {Neighborhood effects on educational attainment},
	journal = {Sociology of education},
	author = {Garner, Catherine L. and Raudenbush, Stephen W.},
	year = {1991},
	pages = {251--262},
	file = {Full Text:/home/gali/Zotero/storage/AHGH9HF6/Garner and Raudenbush - 1991 - Neighborhood effects on educational attainment A .pdf:application/pdf;Snapshot:/home/gali/Zotero/storage/47TPUS6U/2112706.html:text/html}
}

@article{bryk_hierarchical_1992,
	title = {Hierarchical linear models: {Applications} and data analysis methods.},
	shorttitle = {Hierarchical linear models},
	author = {Bryk, Anthony S. and Raudenbush, Stephen W.},
	year = {1992},
	file = {Snapshot:/home/gali/Zotero/storage/3YEHJAE9/1992-97494-000.html:text/html}
}

@article{lee_using_2000,
	title = {Using hierarchical linear modeling to study social contexts: {The} case of school effects},
	volume = {35},
	shorttitle = {Using hierarchical linear modeling to study social contexts},
	number = {2},
	journal = {Educational psychologist},
	author = {Lee, Valerie E.},
	year = {2000},
	pages = {125--141},
	file = {Full Text:/home/gali/Zotero/storage/53TSYQGT/Lee - 2000 - Using hierarchical linear modeling to study social.pdf:application/pdf;Snapshot:/home/gali/Zotero/storage/AD9GALN6/S15326985EP3502_6.html:text/html}
}

@article{raudenbush_educational_1988,
	title = {Educational applications of hierarchical linear models: {A} review},
	volume = {13},
	shorttitle = {Educational applications of hierarchical linear models},
	number = {2},
	journal = {Journal of Educational Statistics},
	author = {Raudenbush, Stephen W.},
	year = {1988},
	pages = {85--116},
	file = {Full Text:/home/gali/Zotero/storage/6JGPAPGK/Raudenbush - 1988 - Educational applications of hierarchical linear mo.pdf:application/pdf;Snapshot:/home/gali/Zotero/storage/MCTARZ7B/10769986013002085.html:text/html}
}

@book{goldstein_multilevel_1987,
	title = {Multilevel models in education and social research.},
	publisher = {Oxford University Press},
	author = {Goldstein, Harvey},
	year = {1987},
	file = {Snapshot:/home/gali/Zotero/storage/WX7VSV3T/1987-98750-000.html:text/html}
}

@article{lieberman_does_2014,
	title = {Does information lead to more active citizenship? {Evidence} from an education intervention in rural {Kenya}},
	volume = {60},
	shorttitle = {Does information lead to more active citizenship?},
	journal = {World Development},
	author = {Lieberman, Evan S. and Posner, Daniel N. and Tsai, Lily L.},
	year = {2014},
	pages = {69--83},
	file = {Full Text:/home/gali/Zotero/storage/F8GVYV5B/Lieberman et al. - 2014 - Does information lead to more active citizenship .pdf:application/pdf;Snapshot:/home/gali/Zotero/storage/QMBJ8QLY/S0305750X14000801.html:text/html}
}

@article{epstein_administrative_1994,
	title = {Administrative procedures, information, and agency discretion},
	volume = {38},
	number = {3},
	journal = {American Journal of Political Science},
	author = {Epstein, David and O’halloran, Sharyn},
	year = {1994},
	pages = {697--722},
	file = {Full Text:/home/gali/Zotero/storage/PNKZ8N2P/Epstein and O’halloran - 1994 - Administrative procedures, information, and agency.pdf:application/pdf}
}

@article{epstein_divided_1996,
	title = {Divided government and the design of administrative procedures: {A} formal model and empirical test},
	volume = {58},
	shorttitle = {Divided government and the design of administrative procedures},
	number = {2},
	journal = {The Journal of Politics},
	author = {Epstein, David and O'halloran, Sharyn},
	year = {1996},
	pages = {373--397},
	file = {Full Text:/home/gali/Zotero/storage/EEMB2BKR/Epstein and O'halloran - 1996 - Divided government and the design of administrativ.pdf:application/pdf;Snapshot:/home/gali/Zotero/storage/YWWPYKSN/2960231.html:text/html}
}

@article{snyder_american_2000,
	title = {The {American} system of shared powers: the {President}, {Congress}, and the {NLRB}},
	volume = {16},
	shorttitle = {The {American} system of shared powers},
	number = {2},
	journal = {Journal of Law, Economics, and Organization},
	author = {Snyder, Susan K. and Weingast, Barry R.},
	year = {2000},
	pages = {269--305},
	file = {Full Text:/home/gali/Zotero/storage/WPAHD44R/Snyder and Weingast - 2000 - The American system of shared powers the Presiden.pdf:application/pdf;Snapshot:/home/gali/Zotero/storage/9GVAVXNT/981927.html:text/html}
}

@misc{noauthor_pursuit_nodate,
	title = {The {Pursuit} of {Political} {Control} by {Multiple} {Principals} - {Whitford} - 2005 - {Journal} of {Politics} - {Wiley} {Online} {Library}},
	url = {https://onlinelibrary-wiley-com.ezproxy.princeton.edu/doi/pdf/10.1111/j.1468-2508.2005.00306.x?casa_token=RGTMX-wHPUIAAAAA:BEL66t19I896UkV_D33A5Bkzj1FHcYDFLlcQp-P4sDaxGMuhEA3hNfd_f8Ilpmn2-Yi_942awVanCA},
	urldate = {2019-10-14},
	file = {The Pursuit of Political Control by Multiple Principals - Whitford - 2005 - Journal of Politics - Wiley Online Library:/home/gali/Zotero/storage/QKRLDMAB/j.1468-2508.2005.00306.html:text/html}
}

@article{whitford_pursuit_2005,
	title = {The pursuit of political control by multiple principals},
	volume = {67},
	number = {1},
	journal = {The Journal of Politics},
	author = {Whitford, Andrew B.},
	year = {2005},
	pages = {29--49},
	file = {Snapshot:/home/gali/Zotero/storage/28EGGKL4/j.1468-2508.2005.00306.html:text/html}
}

@misc{noauthor_west:_nodate,
	title = {West: {Legislative} influence v. presidential dominance:... - {Google} {Scholar}},
	url = {https://scholar.google.com/scholar?cites=6644746709379622092&as_sdt=5,33&sciodt=0,33&hl=en},
	urldate = {2019-10-14},
	file = {West\: Legislative influence v. presidential dominance\:... - Google Scholar:/home/gali/Zotero/storage/EYWTEWEZ/scholar.html:text/html}
}

@misc{noauthor_storage_nodate,
	title = {storage faq [{Zotero} {Documentation}]},
	url = {https://www.zotero.org/support/storage_faq},
	urldate = {2019-10-14},
	file = {storage faq [Zotero Documentation]:/home/gali/Zotero/storage/9KVG4J8K/storage_faq.html:text/html}
}

@article{hanushek_dynamic_2016,
	title = {Dynamic effects of teacher turnover on the quality of instruction},
	volume = {55},
	journal = {Economics of Education Review},
	author = {Hanushek, Eric A. and Rivkin, Steven G. and Schiman, Jeffrey C.},
	year = {2016},
	pages = {132--148},
	file = {Full Text:/home/gali/Zotero/storage/FKQ9SYIG/Hanushek et al. - 2016 - Dynamic effects of teacher turnover on the quality.pdf:application/pdf;Snapshot:/home/gali/Zotero/storage/WJUGVP34/S027277571530087X.html:text/html}
}

@article{ingersoll_teacher_2001,
	title = {Teacher turnover and teacher shortages: {An} organizational analysis},
	volume = {38},
	shorttitle = {Teacher turnover and teacher shortages},
	number = {3},
	journal = {American educational research journal},
	author = {Ingersoll, Richard M.},
	year = {2001},
	pages = {499--534},
	file = {Full Text:/home/gali/Zotero/storage/P4YVWJ3Q/Ingersoll - 2001 - Teacher turnover and teacher shortages An organiz.pdf:application/pdf;Snapshot:/home/gali/Zotero/storage/YB4GXIZF/00028312038003499.html:text/html}
}

@article{boas_electoral_2019,
	title = {Electoral incentives to combat mosquito-borne illnesses: {Experimental} evidence from {Brazil}},
	volume = {113},
	shorttitle = {Electoral incentives to combat mosquito-borne illnesses},
	journal = {World Development},
	author = {Boas, Taylor C. and Hidalgo, F. Daniel},
	year = {2019},
	pages = {89--99},
	file = {Full Text:/home/gali/Zotero/storage/4H35RJM2/S0305750X18303139.html:text/html}
}

@article{boas_norms_2019,
	title = {Norms versus action: {Why} voters fail to sanction malfeasance in {Brazil}},
	volume = {63},
	shorttitle = {Norms versus action},
	number = {2},
	journal = {American Journal of Political Science},
	author = {Boas, Taylor C. and Hidalgo, F. Daniel and Melo, Marcus André},
	year = {2019},
	pages = {385--400},
	file = {Full Text:/home/gali/Zotero/storage/MMLKBJBZ/Boas et al. - 2019 - Norms versus action Why voters fail to sanction m.pdf:application/pdf;Snapshot:/home/gali/Zotero/storage/QNBWEBNF/ajps.html:text/html}
}

@techreport{boas_evaluating_2018,
	title = {Evaluating {Students} and {Politicians}: {Test} {Scores} and {Electoral} {Accountability} in {Brazil}},
	shorttitle = {Evaluating {Students} and {Politicians}},
	institution = {Working paper, Boston University/Massachusetts Institute of Technology},
	author = {Boas, Taylor C. and Hidalgo, F. Daniel and Toral, Guillermo},
	year = {2018}
}

@article{de_kadt_nuanced_2017,
	title = {Nuanced accountability: {Voter} responses to service delivery in southern africa},
	shorttitle = {Nuanced accountability},
	journal = {British Journal of Political Science},
	author = {De Kadt, Daniel and Lieberman, Evan S.},
	year = {2017},
	pages = {1--31},
	file = {Snapshot:/home/gali/Zotero/storage/ZIFKI37B/506FC2E11C84ED2424B288201A22F389.html:text/html}
}

@book{stokes_brokers_2013-1,
	title = {Brokers, voters, and clientelism: {The} puzzle of distributive politics},
	shorttitle = {Brokers, voters, and clientelism},
	publisher = {Cambridge University Press},
	author = {Stokes, Susan C. and Dunning, Thad and Nazareno, Marcelo and Brusco, Valeria},
	year = {2013},
	file = {Full Text:/home/gali/Zotero/storage/HKBLU82N/Stokes et al. - 2013 - Brokers, voters, and clientelism The puzzle of di.pdf:application/pdf;Snapshot:/home/gali/Zotero/storage/B2JXP8E7/books.html:text/html}
}

@article{levitsky_variation_2009,
	title = {Variation in institutional strength},
	volume = {12},
	journal = {Annual Review of Political Science},
	author = {Levitsky, Steven and Murillo, María Victoria},
	year = {2009},
	pages = {115--133},
	file = {Full Text:/home/gali/Zotero/storage/L5U8K8DI/annurev.polisci.11.091106.html:text/html;Snapshot:/home/gali/Zotero/storage/RXHEML99/annurev.polisci.11.091106.html:text/html}
}

@book{shugart_presidents_1992-1,
	title = {Presidents and assemblies: {Constitutional} design and electoral dynamics},
	shorttitle = {Presidents and assemblies},
	publisher = {Cambridge University Press},
	author = {Shugart, Matthew Soberg and Carey, John M.},
	year = {1992},
	file = {Snapshot:/home/gali/Zotero/storage/D4LC7I52/books.html:text/html}
}

@book{helmke_informal_2006,
	title = {Informal institutions and democracy: {Lessons} from {Latin} {America}},
	shorttitle = {Informal institutions and democracy},
	publisher = {jhu Press},
	author = {Helmke, Gretchen and Levitsky, Steven},
	year = {2006},
	file = {Full Text:/home/gali/Zotero/storage/8CIJTN3A/Helmke and Levitsky - 2006 - Informal institutions and democracy Lessons from .pdf:application/pdf;Snapshot:/home/gali/Zotero/storage/CJX7HIGH/books.html:text/html}
}

@article{helmke_informal_2004,
	title = {Informal institutions and comparative politics: {A} research agenda},
	volume = {2},
	shorttitle = {Informal institutions and comparative politics},
	number = {4},
	journal = {Perspectives on politics},
	author = {Helmke, Gretchen and Levitsky, Steven},
	year = {2004},
	pages = {725--740},
	file = {Full Text:/home/gali/Zotero/storage/IFB5RRL3/Helmke and Levitsky - 2004 - Informal institutions and comparative politics A .pdf:application/pdf;Snapshot:/home/gali/Zotero/storage/T2WCUAZU/11A6AA9DCAF579F5B72DA250728AA513.html:text/html}
}

@article{samuels_presidentialism_2004,
	title = {Presidentialism and accountability for the economy in comparative perspective},
	volume = {98},
	number = {3},
	journal = {American Political Science Review},
	author = {Samuels, David},
	year = {2004},
	pages = {425--436},
	file = {Full Text:/home/gali/Zotero/storage/7MFE2K6E/Samuels - 2004 - Presidentialism and accountability for the economy.pdf:application/pdf;Snapshot:/home/gali/Zotero/storage/P4WWSR6A/33FF8E7CFD88279779D3460DF2841CEB.html:text/html}
}

@article{smulovitz_societal_2000,
	title = {Societal {Accountability} in {Latin} {America}},
	volume = {11},
	number = {4},
	journal = {Journal of democracy},
	author = {Smulovitz, Catalina and Peruzzotti, Enrique},
	year = {2000},
	pages = {147--158},
	file = {Full Text:/home/gali/Zotero/storage/CMSYPQNQ/Smulovitz and Peruzzotti - 2000 - Societal Accountability in Latin America.pdf:application/pdf;Snapshot:/home/gali/Zotero/storage/TAUZ6EVG/summary.html:text/html}
}

@article{lewis-beck_economic_2013,
	title = {Economic voting in {Latin} {America}: {A} general model},
	volume = {32},
	shorttitle = {Economic voting in {Latin} {America}},
	number = {3},
	journal = {Electoral Studies},
	author = {Lewis-Beck, Michael S. and Ratto, María Celeste},
	year = {2013},
	pages = {489--493},
	file = {Full Text:/home/gali/Zotero/storage/R5ECVT22/Lewis-Beck and Ratto - 2013 - Economic voting in Latin America A general model.pdf:application/pdf;Snapshot:/home/gali/Zotero/storage/CAUTCTA8/S0261379413000711.html:text/html}
}

@article{benton_dissatisfied_2005,
	title = {Dissatisfied democrats or retrospective voters? {Economic} hardship, political institutions, and voting behavior in {Latin} {America}},
	volume = {38},
	shorttitle = {Dissatisfied democrats or retrospective voters?},
	number = {4},
	journal = {Comparative Political Studies},
	author = {Benton, Allyson Lucinda},
	year = {2005},
	pages = {417--442},
	file = {Full Text:/home/gali/Zotero/storage/8BIHWFP9/Benton - 2005 - Dissatisfied democrats or retrospective voters Ec.pdf:application/pdf;Snapshot:/home/gali/Zotero/storage/TGDJTHE3/0010414004273856.html:text/html}
}

@article{roberts_party_1999,
	title = {Party systems and electoral volatility in {Latin} {America}: a test of economic, institutional, and structural explanations},
	volume = {93},
	shorttitle = {Party systems and electoral volatility in {Latin} {America}},
	number = {3},
	journal = {American Political Science Review},
	author = {Roberts, Kenneth M. and Wibbels, Erik},
	year = {1999},
	pages = {575--590},
	file = {Full Text:/home/gali/Zotero/storage/FQ5ET3RF/Roberts and Wibbels - 1999 - Party systems and electoral volatility in Latin Am.pdf:application/pdf;Snapshot:/home/gali/Zotero/storage/Z73CL4U8/D02C8C4F0FA7A8413A96ADBE3414ED32.html:text/html}
}

@article{snyder_devaluing_2001,
	title = {Devaluing the vote in {Latin} {America}},
	volume = {12},
	number = {1},
	journal = {Journal of Democracy},
	author = {Snyder, Richard and Samuels, David},
	year = {2001},
	pages = {146--159},
	file = {Full Text:/home/gali/Zotero/storage/JME8MMCE/Snyder and Samuels - 2001 - Devaluing the vote in Latin America.pdf:application/pdf}
}

@article{fornos_explaining_2004,
	title = {Explaining voter turnout in {Latin} {America}, 1980 to 2000},
	volume = {37},
	number = {8},
	journal = {Comparative Political Studies},
	author = {Fornos, Carolina A. and Power, Timothy J. and Garand, James C.},
	year = {2004},
	pages = {909--940},
	file = {Full Text:/home/gali/Zotero/storage/AMEYG98P/Fornos et al. - 2004 - Explaining voter turnout in Latin America, 1980 to.pdf:application/pdf;Snapshot:/home/gali/Zotero/storage/TYKH2NBC/0010414004267981.html:text/html}
}

@article{tomz_candidate_2008,
	title = {Candidate positioning and voter choice},
	volume = {102},
	number = {3},
	journal = {American Political Science Review},
	author = {Tomz, Michael and Van Houweling, Robert P.},
	year = {2008},
	pages = {303--318},
	file = {Full Text:/home/gali/Zotero/storage/X5TIY8GJ/Tomz and Van Houweling - 2008 - Candidate positioning and voter choice.pdf:application/pdf;Snapshot:/home/gali/Zotero/storage/UJDRTVAZ/26CA02B57DB7E78B27CDDB472D7C187E.html:text/html}
}

@article{basinger_ambivalence_2005,
	title = {Ambivalence, information, and electoral choice},
	volume = {99},
	number = {2},
	journal = {American Political Science Review},
	author = {Basinger, Scott J. and Lavine, Howard},
	year = {2005},
	pages = {169--184},
	file = {Full Text:/home/gali/Zotero/storage/D5GF3UAQ/Basinger and Lavine - 2005 - Ambivalence, information, and electoral choice.pdf:application/pdf}
}

@article{monseff_perissinotto_caminhos_2009,
	title = {Caminhos para o parlamento: candidatos e eleitos nas eleições para deputado federal em 2006},
	volume = {52},
	shorttitle = {Caminhos para o parlamento},
	number = {2},
	journal = {DADOS-Revista de Ciências Sociais},
	author = {Monseff Perissinotto, Renato and Miríade, Angel},
	year = {2009},
	file = {Full Text:/home/gali/Zotero/storage/JBPJKY86/21817690002.html:text/html}
}

@article{braga_recrutamento_2009,
	title = {Recrutamento e perfil dos candidatos e dos eleitos à {Câmara} dos {Deputados} nas eleições de 2006},
	volume = {24},
	number = {70},
	journal = {Revista Brasileira de Ciências Sociais},
	author = {Braga, Maria do Socorro Sousa and Veiga, Luciana Fernandes and Miríade, Angel},
	year = {2009},
	pages = {123--142},
	file = {Full Text:/home/gali/Zotero/storage/TXR4AF3F/Braga et al. - 2009 - Recrutamento e perfil dos candidatos e dos eleitos.pdf:application/pdf}
}

@article{rogowski_electoral_2014,
	title = {Electoral choice, ideological conflict, and political participation},
	volume = {58},
	number = {2},
	journal = {American Journal of Political Science},
	author = {Rogowski, Jon C.},
	year = {2014},
	pages = {479--494},
	file = {Full Text:/home/gali/Zotero/storage/YYHAYB6R/Rogowski - 2014 - Electoral choice, ideological conflict, and politi.pdf:application/pdf;Snapshot:/home/gali/Zotero/storage/JFH5G3HJ/ajps.html:text/html}
}

@article{cutler_simplest_2002,
	title = {The simplest shortcut of all: {Sociodemographic} characteristics and electoral choice},
	volume = {64},
	shorttitle = {The simplest shortcut of all},
	number = {2},
	journal = {Journal of Politics},
	author = {Cutler, Fred},
	year = {2002},
	pages = {466--490},
	file = {Full Text:/home/gali/Zotero/storage/62RIIFX2/Cutler - 2002 - The simplest shortcut of all Sociodemographic cha.pdf:application/pdf;Snapshot:/home/gali/Zotero/storage/Y29GFUYM/1468-2508.html:text/html}
}

@misc{noauthor_samuels_nodate,
	title = {samuels 2004 political ambition - {Google} {Scholar}},
	url = {https://scholar.google.com/scholar?q=samuels+2004+political+ambition&hl=en&as_sdt=0&as_vis=1&oi=scholart},
	urldate = {2019-06-17},
	file = {samuels 2004 political ambition - Google Scholar:/home/gali/Zotero/storage/GKZSBVU7/scholar.html:text/html}
}

@article{field_candidate_2008,
	title = {Candidate selection procedures in transitional polities: {A} research note},
	volume = {14},
	shorttitle = {Candidate selection procedures in transitional polities},
	number = {5},
	journal = {Party Politics},
	author = {Field, Bonnie N. and Siavelis, Peter M.},
	year = {2008},
	pages = {620--639},
	file = {Full Text:/home/gali/Zotero/storage/2X63N6A2/Field and Siavelis - 2008 - Candidate selection procedures in transitional pol.pdf:application/pdf;Snapshot:/home/gali/Zotero/storage/BXPGGVJE/1354068808093393.html:text/html}
}

@article{siavelis_candidate_2008,
	title = {Candidate recruitment and selection in {Latin} {America}: a framework for analysis},
	volume = {50},
	shorttitle = {Candidate recruitment and selection in {Latin} {America}},
	number = {4},
	journal = {Latin American Politics and Society},
	author = {Siavelis, Peter M. and Morgenstern, Scott},
	year = {2008},
	pages = {27--58},
	file = {Full Text:/home/gali/Zotero/storage/5M6XVFYZ/Siavelis and Morgenstern - 2008 - Candidate recruitment and selection in Latin Ameri.pdf:application/pdf;Snapshot:/home/gali/Zotero/storage/EPBHSCV2/j.1548-2456.2008.00029.html:text/html}
}

@article{perissinotto_electoral_2010-1,
	title = {Electoral success and political institutionalization in the {Federal} {Deputy} elections in {Brazil} (1998, 2002 and 2006)},
	volume = {5},
	number = {SE},
	journal = {Brazilian Political Science Review (Online)},
	author = {Perissinotto, Renato and Bolognesi, Bruno},
	year = {2010},
	pages = {0--0},
	file = {Full Text:/home/gali/Zotero/storage/TQ2MCEA2/scielo.html:text/html}
}

@book{siavelis_pathways_2012,
	title = {Pathways to power: {Political} recruitment and candidate selection in {Latin} {America}},
	shorttitle = {Pathways to power},
	publisher = {Penn State Press},
	author = {Siavelis, Peter M.},
	year = {2012},
	file = {Snapshot:/home/gali/Zotero/storage/FFLUPCSE/books.html:text/html}
}

@book{vegas_incentives_2005,
	title = {Incentives to improve teaching: {Lessons} from {Latin} {America}},
	shorttitle = {Incentives to improve teaching},
	publisher = {The World Bank},
	author = {Vegas, Emilia},
	year = {2005},
	file = {Full Text:/home/gali/Zotero/storage/7RDG7ZSA/Vegas - 2005 - Incentives to improve teaching Lessons from Latin.pdf:application/pdf;Snapshot:/home/gali/Zotero/storage/3LJ7K8ES/978-0-8213-6215-0.html:text/html}
}

@article{moreira_escolas_2018,
	title = {Escolas públicas: perfil do desempenho e seus condicionantes},
	shorttitle = {Escolas públicas},
	author = {Moreira, Ajax},
	year = {2018},
	file = {Full Text:/home/gali/Zotero/storage/GZLVP3FZ/Moreira - 2018 - Escolas públicas perfil do desempenho e seus cond.pdf:application/pdf;Snapshot:/home/gali/Zotero/storage/G5NND5WG/8902.html:text/html}
}

@book{grindle_despite_2004,
	title = {Despite the odds: {The} contentious politics of education reform},
	shorttitle = {Despite the odds},
	publisher = {Princeton University Press},
	author = {Grindle, Merilee S.},
	year = {2004},
	file = {Snapshot:/home/gali/Zotero/storage/UQBM7P4T/books.html:text/html}
}

@book{gaynor_decentralization_1998,
	title = {Decentralization of education: {Teacher} management},
	shorttitle = {Decentralization of education},
	publisher = {The World Bank},
	author = {Gaynor, Cathy},
	year = {1998},
	file = {Full Text:/home/gali/Zotero/storage/5U39RWF8/Gaynor - 1998 - Decentralization of education Teacher management.pdf:application/pdf;Snapshot:/home/gali/Zotero/storage/3VDWW3TD/0-8213-3810-2.html:text/html}
}

@article{prawda_educational_1993,
	title = {Educational decentralization in {Latin} {America}: lessons learned},
	volume = {13},
	shorttitle = {Educational decentralization in {Latin} {America}},
	number = {3},
	journal = {International Journal of Educational Development},
	author = {Prawda, Juan},
	year = {1993},
	pages = {253--264},
	file = {Snapshot:/home/gali/Zotero/storage/8MIMIZ9G/073805939390033V.html:text/html}
}

@article{winkler_education_2000,
	title = {Education decentralization in {Latin} {America}: {The} effects on the quality of schooling},
	shorttitle = {Education decentralization in {Latin} {America}},
	journal = {The World Bank: Washington DC},
	author = {Winkler, Donald R. and Gershberg, Alec Ian},
	year = {2000},
	file = {Full Text:/home/gali/Zotero/storage/MAX9AW6K/books.html:text/html}
}

@article{toral_patronage_2018,
	title = {Patronage, {Elections}, and {Constraints}: {Theory} and {Evidence} of {Political} {Bureaucratic} {Cycles} in {Brazil}},
	shorttitle = {Patronage, {Elections}, and {Constraints}},
	author = {Toral, Guillermo},
	year = {2018},
	file = {Snapshot:/home/gali/Zotero/storage/ZWAQ9ZT4/papers.html:text/html}
}

@article{olken_simple_2009,
	title = {The simple economics of extortion: evidence from trucking in {Aceh}},
	volume = {117},
	shorttitle = {The simple economics of extortion},
	number = {3},
	journal = {Journal of Political Economy},
	author = {Olken, Benjamin A. and Barron, Patrick},
	year = {2009},
	pages = {417--452},
	file = {Full Text:/home/gali/Zotero/storage/TZBZ6T3Z/Olken and Barron - 2009 - The simple economics of extortion evidence from t.pdf:application/pdf;Snapshot:/home/gali/Zotero/storage/WGL7HLZ3/599707.html:text/html}
}

@article{olken_corruption_2006,
	title = {Corruption and the costs of redistribution: {Micro} evidence from {Indonesia}},
	volume = {90},
	shorttitle = {Corruption and the costs of redistribution},
	number = {4-5},
	journal = {Journal of public economics},
	author = {Olken, Benjamin A.},
	year = {2006},
	pages = {853--870},
	file = {Full Text:/home/gali/Zotero/storage/E4AP5G2S/Olken - 2006 - Corruption and the costs of redistribution Micro .pdf:application/pdf;Snapshot:/home/gali/Zotero/storage/7B3CVWUV/S0047272705000678.html:text/html}
}

@article{di_tella_role_2003,
	title = {The role of wages and auditing during a crackdown on corruption in the city of {Buenos} {Aires}},
	volume = {46},
	number = {1},
	journal = {The Journal of Law and Economics},
	author = {Di Tella, Rafael and Schargrodsky, Ernesto},
	year = {2003},
	pages = {269--292},
	file = {Full Text:/home/gali/Zotero/storage/V27W86U4/Di Tella and Schargrodsky - 2003 - The role of wages and auditing during a crackdown .pdf:application/pdf;Snapshot:/home/gali/Zotero/storage/QCN5MSFY/345578.html:text/html}
}

@article{wade_system_1982,
	title = {The system of administrative and political corruption: {Canal} irrigation in {South} {India}},
	volume = {18},
	shorttitle = {The system of administrative and political corruption},
	number = {3},
	journal = {The Journal of Development Studies},
	author = {Wade, Robert},
	year = {1982},
	pages = {287--328},
	file = {Full Text:/home/gali/Zotero/storage/C63X855F/Wade - 1982 - The system of administrative and political corrupt.pdf:application/pdf;Snapshot:/home/gali/Zotero/storage/AKZDIV9D/00220388208421833.html:text/html}
}

@article{imf_corruption:_2016,
	title = {Corruption: {Costs} and mitigating strategies},
	shorttitle = {Corruption},
	journal = {IMF Staff Discussion Note SDN/16/05},
	author = {{IMF}},
	year = {2016}
}

@article{arelaro_o_2011,
	title = {O ensino fundamental de nove anos e o direito à educação},
	volume = {37},
	number = {1},
	journal = {Educação e Pesquisa},
	author = {Arelaro, Lisete Regina Gomes and Jacomini, Márcia Aparecida and Klein, Sylvie Bonifácio},
	year = {2011},
	pages = {35--51},
	file = {Full Text:/home/gali/Zotero/storage/3IRJJ3EC/Arelaro et al. - 2011 - O ensino fundamental de nove anos e o direito à ed.pdf:application/pdf}
}

@article{gusso_educacao_2014,
	title = {Educação},
	author = {Gusso, Divonzir Arthur Colaborador and Zen, Eduardo Luiz Colaborador and Oliveira, Luis Felipe Batista de Colaborador and Corbucci, Paulo Roberto Colaborador and Zardo, Sinara Pollom Colaboradora},
	year = {2014},
	file = {Full Text:/home/gali/Zotero/storage/A6Q4IBLR/Gusso et al. - 2014 - Educação.pdf:application/pdf;Snapshot:/home/gali/Zotero/storage/WJ6NDL3L/4242.html:text/html}
}

@article{castro_educacao_2006,
	title = {Educação no {Brasil}: atrasos, conquistas e desafios},
	shorttitle = {Educação no {Brasil}},
	author = {Castro, Maria Helena de Magalhães and Leite, Elenice Monteiro},
	year = {2006},
	file = {Full Text:/home/gali/Zotero/storage/MWLFE2EI/Castro and Leite - 2006 - Educação no Brasil atrasos, conquistas e desafios.pdf:application/pdf;Snapshot:/home/gali/Zotero/storage/3MYHFUCK/3062.html:text/html}
}

@article{portela_de_oliveira_da_2007,
	title = {Da universalização do ensino fundamental ao desafio da qualidade: uma análise histórica},
	volume = {28},
	shorttitle = {Da universalização do ensino fundamental ao desafio da qualidade},
	number = {100},
	journal = {Educação \& Sociedade},
	author = {Portela de Oliveira, Romualdo},
	year = {2007},
	file = {Full Text:/home/gali/Zotero/storage/TBKWG2IR/87313704003.html:text/html}
}

@article{arelaro_o_2005,
	title = {O ensino fundamental no {Brasil}: avanços, perplexidades e tendências},
	volume = {26},
	shorttitle = {O ensino fundamental no {Brasil}},
	number = {92},
	journal = {Educação e Sociedade},
	author = {Arelaro, Lisete Regina Gomes},
	year = {2005},
	pages = {1039--1066},
	file = {Full Text:/home/gali/Zotero/storage/NN7G9FWR/Arelaro - 2005 - O ensino fundamental no Brasil avanços, perplexid.pdf:application/pdf}
}

@article{paschoal_historia_2009,
	title = {A história da educação infantil no {Brasil}: avanços, retrocessos e desafios dessa modalidade educacional},
	volume = {9},
	shorttitle = {A história da educação infantil no {Brasil}},
	number = {33},
	journal = {Revista Histedbr on-line},
	author = {Paschoal, Jaqueline Delgado and Machado, Maria Cristina Gomes},
	year = {2009},
	pages = {78--95},
	file = {Full Text:/home/gali/Zotero/storage/ZP5Z4WUZ/Paschoal and Machado - 2009 - A história da educação infantil no Brasil avanços.pdf:application/pdf;Snapshot:/home/gali/Zotero/storage/5FDKV5V6/8639555.html:text/html}
}

@article{prado_transferencias_2001,
	title = {Transferências fiscais e financiamento municipal no {Brasil}},
	journal = {Relatório de Pesquisa Descentralização Fiscal e Cooperação Financeira Intergovernamental. EBAP/Fundação Konrad Adenauer},
	author = {Prado, Sérgio},
	year = {2001},
	file = {Full Text:/home/gali/Zotero/storage/T9WLMAFS/Prado - 2001 - Transferências fiscais e financiamento municipal n.pdf:application/pdf}
}

@article{arretche_federalismo_2004,
	title = {Federalismo e políticas sociais no {Brasil}: problemas de coordenação e autonomia},
	volume = {18},
	shorttitle = {Federalismo e políticas sociais no {Brasil}},
	number = {2},
	journal = {São Paulo em perspectiva},
	author = {Arretche, Marta},
	year = {2004},
	pages = {17--26},
	file = {Full Text:/home/gali/Zotero/storage/J8RWAJM9/scielo.html:text/html}
}

@article{pereira_estado_2001,
	title = {Do {Estado} patrimonial ao gerencial},
	volume = {222},
	journal = {Letras},
	author = {Pereira, Luiz Carlos Bresser},
	year = {2001},
	pages = {259},
	file = {Full Text:/home/gali/Zotero/storage/WKMZXU85/Bresser-Pereira - 2001 - Do Estado patrimonial ao gerencial.pdf:application/pdf}
}

@article{abrucio_gestao_2010,
	title = {Gestão escolar e qualidade da educação: um estudo sobre dez escolas paulistas},
	shorttitle = {Gestão escolar e qualidade da educação},
	author = {Abrucio, Fernando Luiz},
	year = {2010},
	file = {Full Text:/home/gali/Zotero/storage/RTXYWN7X/Abrucio - 2010 - Gestão escolar e qualidade da educação um estudo .pdf:application/pdf}
}

@article{osborne_reinventing_1993,
	title = {Reinventing government},
	journal = {Public productivity \& management Review},
	author = {Osborne, David},
	year = {1993},
	pages = {349--356},
	file = {Full Text:/home/gali/Zotero/storage/N72UG6LP/Osborne - 1993 - Reinventing government.pdf:application/pdf;Snapshot:/home/gali/Zotero/storage/IGYK9NUV/3381012.html:text/html}
}

@article{manning_legacy_2001,
	title = {The legacy of the {New} {Public} {Management} in developing countries},
	volume = {67},
	number = {2},
	journal = {International Review of Administrative Sciences},
	author = {Manning, Nick},
	year = {2001},
	pages = {297--312},
	file = {Full Text:/home/gali/Zotero/storage/8WZCVR4B/Manning - 2001 - The legacy of the New Public Management in develop.pdf:application/pdf;Snapshot:/home/gali/Zotero/storage/Q75T4X9S/0020852301672009.html:text/html}
}

@article{zamboni_audit_2018,
	title = {Audit risk and rent extraction: {Evidence} from a randomized evaluation in {Brazil}},
	volume = {134},
	shorttitle = {Audit risk and rent extraction},
	journal = {Journal of Development Economics},
	author = {Zamboni, Yves and Litschig, Stephan},
	year = {2018},
	pages = {133--149},
	file = {Full Text:/home/gali/Zotero/storage/9E58THZ7/Zamboni and Litschig - 2018 - Audit risk and rent extraction Evidence from a ra.pdf:application/pdf;Snapshot:/home/gali/Zotero/storage/6Q8GGB5J/S030438781830316X.html:text/html}
}

@article{avis_government_2018,
	title = {Do government audits reduce corruption? {Estimating} the impacts of exposing corrupt politicians},
	volume = {126},
	shorttitle = {Do government audits reduce corruption?},
	number = {5},
	journal = {Journal of Political Economy},
	author = {Avis, Eric and Ferraz, Claudio and Finan, Frederico},
	year = {2018},
	pages = {1912--1964},
	file = {Full Text:/home/gali/Zotero/storage/K8V2E5GL/Avis et al. - 2018 - Do government audits reduce corruption Estimating.pdf:application/pdf;Snapshot:/home/gali/Zotero/storage/JJIA66VM/699209.html:text/html}
}

@article{santana_o_2008,
	title = {O impacto das auditorias da {CGU} sobre o desempenho administrativo local},
	journal = {CGU},
	author = {Santana, Victor Leal},
	year = {2008},
	pages = {22},
	file = {Full Text:/home/gali/Zotero/storage/U2GRYZBD/Santana - 2008 - O impacto das auditorias da CGU sobre o desempenho.pdf:application/pdf}
}

@article{pereira_corruption-enhancing_2009,
	title = {The corruption-enhancing role of re-election incentives? {Counterintuitive} evidence from {Brazil}’s audit reports},
	volume = {62},
	shorttitle = {The corruption-enhancing role of re-election incentives?},
	number = {4},
	journal = {Political Research Quarterly},
	author = {Pereira, Carlos and Melo, Marcus André and Figueiredo, Carlos Mauricio},
	year = {2009},
	pages = {731--744},
	file = {Full Text:/home/gali/Zotero/storage/4ECTNBHL/Pereira et al. - 2009 - The corruption-enhancing role of re-election incen.pdf:application/pdf;Snapshot:/home/gali/Zotero/storage/HRIYFZYW/1065912908320664.html:text/html}
}

@article{pallot_wider_2003,
	title = {A wider accountability? {The} audit office and {New} {Zealand}’s bureaucratic revolution},
	volume = {14},
	shorttitle = {A wider accountability?},
	number = {1-2},
	journal = {Critical Perspectives on Accounting},
	author = {Pallot, June},
	year = {2003},
	pages = {133--155},
	file = {Snapshot:/home/gali/Zotero/storage/BF3KHLPG/S1045235401905180.html:text/html}
}

@article{ferraz_exposing_2008,
	title = {Exposing corrupt politicians: the effects of {Brazil}'s publicly released audits on electoral outcomes},
	volume = {123},
	shorttitle = {Exposing corrupt politicians},
	number = {2},
	journal = {The Quarterly journal of economics},
	author = {Ferraz, Claudio and Finan, Frederico},
	year = {2008},
	pages = {703--745},
	file = {Full Text:/home/gali/Zotero/storage/BPNTWB9B/Ferraz and Finan - 2008 - Exposing corrupt politicians the effects of Brazi.pdf:application/pdf;Snapshot:/home/gali/Zotero/storage/YC5H7VPB/1930865.html:text/html}
}

@article{schelker_auditors_2010,
	title = {Auditors and fiscal policy: {Empirical} evidence on a little big institution},
	volume = {38},
	shorttitle = {Auditors and fiscal policy},
	number = {4},
	journal = {Journal of Comparative Economics},
	author = {Schelker, Mark and Eichenberger, Reiner},
	year = {2010},
	pages = {357--380},
	file = {Full Text:/home/gali/Zotero/storage/V5WQW8JE/Schelker and Eichenberger - 2010 - Auditors and fiscal policy Empirical evidence on .pdf:application/pdf;Snapshot:/home/gali/Zotero/storage/TAZJP4NK/S0147596710000673.html:text/html}
}

@article{ferraz_electoral_2007,
	title = {Electoral accountability and corruption in local governments: evidence from audit reports},
	shorttitle = {Electoral accountability and corruption in local governments},
	author = {Ferraz, Claudio and Finan, Frederico},
	year = {2007},
	file = {Full Text:/home/gali/Zotero/storage/LEIFPNL7/Ferraz and Finan - 2007 - Electoral accountability and corruption in local g.pdf:application/pdf}
}

@article{kaufmann_measuring_2007,
	title = {Measuring corruption: myths and realities},
	shorttitle = {Measuring corruption},
	author = {Kaufmann, Daniel and Kraay, Aart and Mastruzzi, Massimo},
	year = {2007},
	file = {Full Text:/home/gali/Zotero/storage/BFCKEUL8/Kaufmann et al. - 2007 - Measuring corruption myths and realities.pdf:application/pdf}
}

@article{liu_government_2012,
	title = {Government auditing and corruption control: {Evidence} from {China}’s provincial panel data},
	volume = {5},
	shorttitle = {Government auditing and corruption control},
	number = {2},
	journal = {China Journal of Accounting Research},
	author = {Liu, Jin and Lin, Bin},
	year = {2012},
	pages = {163--186},
	file = {Full Text:/home/gali/Zotero/storage/RAMUI6R8/S1755309112000172.html:text/html}
}

@article{sherlock_combating_2002,
	title = {Combating corruption in {Indonesia}? {The} ombudsman and the assets auditing commission},
	volume = {38},
	shorttitle = {Combating corruption in {Indonesia}?},
	number = {3},
	journal = {Bulletin of Indonesian Economic Studies},
	author = {Sherlock, Stephen},
	year = {2002},
	pages = {367--383},
	file = {Full Text:/home/gali/Zotero/storage/YWXZNQTT/Sherlock - 2002 - Combating corruption in Indonesia The ombudsman a.pdf:application/pdf;Snapshot:/home/gali/Zotero/storage/6B2SC3XM/00074910215532.html:text/html}
}

@inproceedings{khan_role_2006,
	title = {Role of audit in fighting corruption},
	booktitle = {Comunicação apresentada na {Conferência}: {Ethics}, {Integrity}, and {Accountability}. {In} the {Public} {Sector}: {Re}-building {Public} {Trust} in {Government} through the {Implementation} of the {UN} {Convention} against {Corruption}: {Russia}},
	author = {Khan, Muhammad Akram},
	year = {2006},
	file = {Full Text:/home/gali/Zotero/storage/AHLEFNQL/Khan - 2006 - Role of audit in fighting corruption.pdf:application/pdf}
}

@article{gustavson_organizing_2018,
	title = {Organizing the {Audit} {Society}: {Does} {Good} {Auditing} {Generate} {Less} {Public} {Sector} {Corruption}?},
	volume = {50},
	shorttitle = {Organizing the {Audit} {Society}},
	number = {10},
	journal = {Administration \& Society},
	author = {Gustavson, Maria and Sundström, Aksel},
	year = {2018},
	pages = {1508--1532},
	file = {Full Text:/home/gali/Zotero/storage/AB2FKCK7/Gustavson and Sundström - 2018 - Organizing the Audit Society Does Good Auditing G.pdf:application/pdf;Snapshot:/home/gali/Zotero/storage/FWIPP8L7/0095399716674306.html:text/html}
}

@article{fisman_are_2007,
	title = {Are corruption and taxation really harmful to growth? {Firm} level evidence},
	volume = {83},
	shorttitle = {Are corruption and taxation really harmful to growth?},
	number = {1},
	journal = {Journal of development economics},
	author = {Fisman, Raymond and Svensson, Jakob},
	year = {2007},
	pages = {63--75},
	file = {Full Text:/home/gali/Zotero/storage/6IAE9TSN/Fisman and Svensson - 2007 - Are corruption and taxation really harmful to grow.pdf:application/pdf;Snapshot:/home/gali/Zotero/storage/N34V55B5/S0304387806001106.html:text/html}
}

@article{ferraz_corrupting_2012,
	title = {Corrupting learning: {Evidence} from missing federal education funds in {Brazil}},
	volume = {96},
	shorttitle = {Corrupting learning},
	number = {9-10},
	journal = {Journal of Public Economics},
	author = {Ferraz, Claudio and Finan, Frederico and Moreira, Diana B.},
	year = {2012},
	pages = {712--726},
	file = {Full Text:/home/gali/Zotero/storage/MZ8FBT5X/Ferraz et al. - 2012 - Corrupting learning Evidence from missing federal.pdf:application/pdf;Snapshot:/home/gali/Zotero/storage/34BLV2DD/S0047272712000618.html:text/html}
}

@article{jain_corruption:_2001,
	title = {Corruption: {A} review},
	volume = {15},
	shorttitle = {Corruption},
	number = {1},
	journal = {Journal of economic surveys},
	author = {Jain, Arvind K.},
	year = {2001},
	pages = {71--121},
	file = {Full Text:/home/gali/Zotero/storage/KX5AP8KW/Jain - 2001 - Corruption A review.pdf:application/pdf;Snapshot:/home/gali/Zotero/storage/H64WFMSU/1467-6419.html:text/html}
}

@article{olken_corruption_2012,
	title = {Corruption in developing countries},
	volume = {4},
	number = {1},
	journal = {Annu. Rev. Econ.},
	author = {Olken, Benjamin A. and Pande, Rohini},
	year = {2012},
	pages = {479--509},
	file = {Full Text:/home/gali/Zotero/storage/43KIJPSF/annurev-economics-080511-110917.html:text/html;Snapshot:/home/gali/Zotero/storage/5XSKYYGR/annurev-economics-080511-110917.html:text/html}
}

@article{lessmann_one_2010,
	title = {One size fits all? {Decentralization}, corruption, and the monitoring of bureaucrats},
	volume = {38},
	shorttitle = {One size fits all?},
	number = {4},
	journal = {World Development},
	author = {Lessmann, Christian and Markwardt, Gunther},
	year = {2010},
	pages = {631--646},
	file = {Full Text:/home/gali/Zotero/storage/N3DCYWTR/Lessmann and Markwardt - 2010 - One size fits all Decentralization, corruption, a.pdf:application/pdf;Snapshot:/home/gali/Zotero/storage/QKZ76VXX/S0305750X09001946.html:text/html}
}

@article{olken_monitoring_2007,
	title = {Monitoring corruption: evidence from a field experiment in {Indonesia}},
	volume = {115},
	shorttitle = {Monitoring corruption},
	number = {2},
	journal = {Journal of political Economy},
	author = {Olken, Benjamin A.},
	year = {2007},
	pages = {200--249},
	file = {Full Text:/home/gali/Zotero/storage/9YK4ZN8P/Olken - 2007 - Monitoring corruption evidence from a field exper.pdf:application/pdf;Snapshot:/home/gali/Zotero/storage/LI48V42U/517935.html:text/html}
}

@article{bardhan_corruption_1997,
	title = {Corruption and development: a review of issues},
	volume = {35},
	shorttitle = {Corruption and development},
	number = {3},
	journal = {Journal of economic literature},
	author = {Bardhan, Pranab},
	year = {1997},
	pages = {1320--1346},
	file = {Full Text:/home/gali/Zotero/storage/X46JRTGM/Bardhan - 1997 - Corruption and development a review of issues.pdf:application/pdf;Snapshot:/home/gali/Zotero/storage/EMX7RXU2/2729979.html:text/html}
}

@article{mauro_corruption_1995,
	title = {Corruption and growth},
	volume = {110},
	number = {3},
	journal = {The quarterly journal of economics},
	author = {Mauro, Paolo},
	year = {1995},
	pages = {681--712},
	file = {Full Text:/home/gali/Zotero/storage/AIVVR7EW/Mauro - 1995 - Corruption and growth.pdf:application/pdf;Snapshot:/home/gali/Zotero/storage/6KAU9MAG/1859244.html:text/html}
}

@article{denhardt_new_2000,
	title = {The new public service: {Serving} rather than steering},
	volume = {60},
	shorttitle = {The new public service},
	number = {6},
	journal = {Public administration review},
	author = {Denhardt, Robert B. and Denhardt, Janet Vinzant},
	year = {2000},
	pages = {549--559},
	file = {Full Text:/home/gali/Zotero/storage/KFBVJRXP/Denhardt and Denhardt - 2000 - The new public service Serving rather than steeri.pdf:application/pdf;Snapshot:/home/gali/Zotero/storage/M8Z6UW5W/0033-3352.html:text/html}
}

@article{poterba_demographic_1997,
	title = {Demographic structure and the political economy of public education},
	volume = {16},
	number = {1},
	journal = {Journal of Policy Analysis and Management: The Journal of the Association for Public Policy Analysis and Management},
	author = {Poterba, James M.},
	year = {1997},
	pages = {48--66},
	file = {Full Text:/home/gali/Zotero/storage/ULPIN82H/Poterba - 1997 - Demographic structure and the political economy of.pdf:application/pdf;Snapshot:/home/gali/Zotero/storage/D7EV9DHV/(SICI)1520-6688(199724)16148AID-PAM33.0.html:text/html}
}

@article{hanushek_economics_1986,
	title = {The economics of schooling: {Production} and efficiency in public schools},
	volume = {24},
	shorttitle = {The economics of schooling},
	number = {3},
	journal = {Journal of economic literature},
	author = {Hanushek, Eric A.},
	year = {1986},
	pages = {1141--1177},
	file = {Full Text:/home/gali/Zotero/storage/VH5WZWXZ/Hanushek - 1986 - The economics of schooling Production and efficie.pdf:application/pdf;Snapshot:/home/gali/Zotero/storage/B9CR2ZXL/2725865.html:text/html}
}

@article{card_does_1992,
	title = {Does school quality matter? {Returns} to education and the characteristics of public schools in the {United} {States}},
	volume = {100},
	shorttitle = {Does school quality matter?},
	number = {1},
	journal = {Journal of political Economy},
	author = {Card, David and Krueger, Alan B.},
	year = {1992},
	pages = {1--40},
	file = {Full Text:/home/gali/Zotero/storage/SEG8TJUN/Card and Krueger - 1992 - Does school quality matter Returns to education a.pdf:application/pdf;Snapshot:/home/gali/Zotero/storage/TIZPBUSP/261805.html:text/html}
}

@article{rockoff_impact_2004,
	title = {The impact of individual teachers on student achievement: {Evidence} from panel data},
	volume = {94},
	shorttitle = {The impact of individual teachers on student achievement},
	number = {2},
	journal = {American economic review},
	author = {Rockoff, Jonah E.},
	year = {2004},
	pages = {247--252},
	file = {Full Text:/home/gali/Zotero/storage/KWCSU49R/Rockoff - 2004 - The impact of individual teachers on student achie.pdf:application/pdf;Snapshot:/home/gali/Zotero/storage/CCCUWRWF/0002828041302244.html:text/html}
}

@article{cameron_models_2004,
	title = {Models of vetoes and veto bargaining},
	volume = {7},
	journal = {Annu. Rev. Polit. Sci.},
	author = {Cameron, Charles and McCarty, Nolan},
	year = {2004},
	pages = {409--435},
	file = {Full Text:/home/gali/Zotero/storage/6DMP3JDR/Cameron and McCarty - 2004 - Models of vetoes and veto bargaining.pdf:application/pdf;Snapshot:/home/gali/Zotero/storage/W9S7CJNB/annurev.polisci.7.012003.html:text/html}
}

@article{huber_legislatures_2001,
	title = {Legislatures and statutory control of bureaucracy},
	journal = {American Journal of Political Science},
	author = {Huber, John D. and Shipan, Charles R. and Pfahler, Madelaine},
	year = {2001},
	pages = {330--345},
	file = {Full Text:/home/gali/Zotero/storage/Z9L2MQ6V/Huber et al. - 2001 - Legislatures and statutory control of bureaucracy.pdf:application/pdf;Snapshot:/home/gali/Zotero/storage/DFUV4T7A/2669344.html:text/html}
}

@book{epstein_delegating_1999,
	title = {Delegating powers: {A} transaction cost politics approach to policy making under separate powers},
	shorttitle = {Delegating powers},
	publisher = {Cambridge University Press},
	author = {Epstein, David and O'halloran, Sharyn},
	year = {1999},
	file = {Full Text:/home/gali/Zotero/storage/L32DG4YB/Epstein and O'halloran - 1999 - Delegating powers A transaction cost politics app.pdf:application/pdf;Snapshot:/home/gali/Zotero/storage/YKAHPHI9/books.html:text/html}
}

@article{huber_bureaucratic_2004-1,
	title = {Bureaucratic capacity, delegation, and political reform},
	volume = {98},
	number = {3},
	journal = {American Political Science Review},
	author = {Huber, John D. and McCarty, Nolan},
	year = {2004},
	pages = {481--494},
	file = {Full Text:/home/gali/Zotero/storage/GXB9WVMI/Huber and McCarty - 2004 - Bureaucratic capacity, delegation, and political r.pdf:application/pdf;Snapshot:/home/gali/Zotero/storage/3H6R5ETE/B423F17DAF264A240DD4AB4A982208B1.html:text/html}
}

@article{johannessen_linkage_2020,
	title = {Linkage {Switches} in {Local} {Elections}: {Evidence} {From} the {Workers}’ {Party} in {Brazil}},
	volume = {53},
	shorttitle = {Linkage {Switches} in {Local} {Elections}},
	number = {1},
	journal = {Comparative Political Studies},
	author = {Johannessen, Peter G.},
	year = {2020},
	pages = {109--143},
	file = {Snapshot:/home/gali/Zotero/storage/89ZMRT2S/0010414019843567.html:text/html}
}

@article{freitas_solving_2004,
	title = {Solving physics problems: {The} conceptions and practice of an experienced teacher and an inexperienced teacher},
	volume = {34},
	shorttitle = {Solving physics problems},
	number = {1},
	journal = {Research in Science Education},
	author = {Freitas, Isabel M. and Jiménez, Roque and Mellado, Vicente},
	year = {2004},
	pages = {113--133},
	file = {Full Text:/home/gali/Zotero/storage/EZJCXEPN/Freitas et al. - 2004 - Solving physics problems The conceptions and prac.pdf:application/pdf;Snapshot:/home/gali/Zotero/storage/CK5XX3CE/BRISE.0000021000.61909.html:text/html}
}

@article{clotfelter_teacher_2007,
	title = {Teacher credentials and student achievement: {Longitudinal} analysis with student fixed effects},
	volume = {26},
	shorttitle = {Teacher credentials and student achievement},
	number = {6},
	journal = {Economics of Education Review},
	author = {Clotfelter, Charles T. and Ladd, Helen F. and Vigdor, Jacob L.},
	year = {2007},
	pages = {673--682},
	file = {Snapshot:/home/gali/Zotero/storage/B66W6SQR/S0272775707000982.html:text/html}
}

@article{souza_reforma_2004,
	title = {Reforma do estado, descentralização e municipalização do ensino no {Brasil}: a gestão política dos sistemas públicos de ensino pós-{LDB} 9.394/96},
	volume = {12},
	shorttitle = {Reforma do estado, descentralização e municipalização do ensino no {Brasil}},
	number = {45},
	journal = {Ensaio: avaliação e políticas públicas em educação},
	author = {Souza, Donaldo Bello de and Faria, Lia Ciomar Macedo de},
	year = {2004},
	pages = {925--944},
	file = {Full Text:/home/gali/Zotero/storage/NFC2MYLP/scielo.html:text/html}
}

@article{fleury_governanclocal_2010,
	title = {Governança local no sistema descentralizado de saúde no {Brasil}},
	volume = {28},
	journal = {Revista Panamericana de Salud Publica},
	author = {Fleury, Sonia and Ouverney, Assis Luiz Mafort and Kronemberger, Thais Soares and Zani, Felipe Barbosa},
	year = {2010},
	pages = {446--455},
	file = {Full Text:/home/gali/Zotero/storage/HS3EJH22/pt.html:text/html}
}

@article{brollo_political_2017,
	title = {The political economy of program enforcement: {Evidence} from {Brazil}},
	shorttitle = {The political economy of program enforcement},
	journal = {Journal of the European Economic Association},
	author = {Brollo, Fernanda and Kaufmann, Katja and La Ferrara, Eliana},
	year = {2017},
	file = {Full Text:/home/gali/Zotero/storage/ZDF269IE/Brollo et al. - 2017 - The political economy of program enforcement Evid.pdf:application/pdf;Snapshot:/home/gali/Zotero/storage/W29AWGZS/5513413.html:text/html}
}

@article{groseclose_buying_1996,
	title = {Buying supermajorities},
	volume = {90},
	number = {2},
	journal = {American Political Science Review},
	author = {Groseclose, Tim and Snyder, James M.},
	year = {1996},
	pages = {303--315},
	file = {Full Text:/home/gali/Zotero/storage/7T998IZS/Groseclose and Snyder - 1996 - Buying supermajorities.pdf:application/pdf;Snapshot:/home/gali/Zotero/storage/NNMX9ZTF/2A797D3C2E464B0ABF326B85A22B4DB7.html:text/html}
}

@article{banks_buying_2000,
	title = {Buying supermajorities in finite legislatures},
	volume = {94},
	number = {3},
	journal = {American Political Science Review},
	author = {Banks, Jeffrey S.},
	year = {2000},
	pages = {677--681},
	file = {Full Text:/home/gali/Zotero/storage/8F8M6TXA/Banks - 2000 - Buying supermajorities in finite legislatures.pdf:application/pdf;Snapshot:/home/gali/Zotero/storage/XQEEG6UK/7D0013CA829508BF6A402193DC43878B.html:text/html}
}

@article{banks_buying_2000-1,
	title = {Buying supermajorities in finite legislatures},
	volume = {94},
	number = {3},
	journal = {American Political Science Review},
	author = {Banks, Jeffrey S.},
	year = {2000},
	pages = {677--681},
	file = {Full Text:/home/gali/Zotero/storage/N595KWRQ/Banks - 2000 - Buying supermajorities in finite legislatures.pdf:application/pdf;Snapshot:/home/gali/Zotero/storage/MCX3QIXM/7D0013CA829508BF6A402193DC43878B.html:text/html}
}

@article{dias_hegemonia_2002,
	title = {Hegemonia e polarização {A} reconfiguração de forças políticas no município de {Porto} {Alegre} (1988 a 2000)},
	volume = {2},
	number = {1},
	journal = {Civitas-Revista de Ciências Sociais},
	author = {Dias, Marcia Ribeiro},
	year = {2002},
	pages = {157--179},
	file = {Full Text:/home/gali/Zotero/storage/46VA3SZV/Dias - 2002 - Hegemonia e polarização A reconfiguração de forças.pdf:application/pdf}
}

@article{davidovich_poder_1993,
	title = {Poder local e município, algumas considerações},
	volume = {27},
	number = {1},
	journal = {Revista de administração pública},
	author = {Davidovich, Fany},
	year = {1993},
	pages = {5--14},
	file = {Full Text:/home/gali/Zotero/storage/DJHLC4W3/Davidovich - 1993 - Poder local e município, algumas considerações.pdf:application/pdf;Snapshot:/home/gali/Zotero/storage/44PY2U69/8677.html:text/html}
}

@article{pereira_junior_indicadores_2016,
	title = {Indicadores de retenção e rotatividade dos docentes da educação básica},
	volume = {46},
	number = {160},
	journal = {Cadernos de Pesquisa},
	author = {Pereira Junior, Edmilson Antonio and Oliveira, Dalila Andrade},
	year = {2016},
	pages = {312--332},
	file = {Full Text:/home/gali/Zotero/storage/29E3EJJ5/scielo.html:text/html}
}

@article{imai_covariate_2014-1,
	title = {Covariate balancing propensity score},
	volume = {76},
	number = {1},
	journal = {Journal of the Royal Statistical Society: Series B (Statistical Methodology)},
	author = {Imai, Kosuke and Ratkovic, Marc},
	year = {2014},
	pages = {243--263},
	file = {Full Text:/home/gali/Zotero/storage/3XKLWI2A/Imai and Ratkovic - 2014 - Covariate balancing propensity score.pdf:application/pdf;Snapshot:/home/gali/Zotero/storage/M32ZU4RX/rssb.html:text/html}
}